2646 4152
244 219 311 286 928
679 227 829 281 HEGYRA
1085 226 1129 278 111
1145 231 1171 292 1,
1188 229 1261 276 1-15

322 482 578 542 PAMPHILVS
679 485 893 542 Pnamnno
997 484 1215 539 mama

330 573 568 634 ADVLESCENS
714 577 854 634 SERVOS
1008 575 1200 630 MATRONA

160 696 346 766 1111PAM.
368 700 502 770 Nemini
520 727 580 791 ego
599 705 693 791 plura
711 707 751 770 e‘x
769 724 878 769 amore
896 703 1011 768 acerba
1028 703 1126 766 credo
1146 702 1262 766 homini

886 795 1041 875 umquam
1065 791 1182 855 oblata

247 879 345 963 quim
366 879 420 944 mi.
456 881 521 946 heu
543 902 594 945 me
616 879 789 946 infelicem!
812 879 949 986 hancine
971 899 1033 1014 ego¹
1055 877 1167 942 uitam
1184 879 1263 962 parsi

246 1054 361 1122 hacine
388 1078 484 1122 causa
511 1078 571 1143 ego
599 1021 686 1121 eram
712 1059 804 1120 tanto
835 966 1090 1139 opeidrddrdidm
1115 1053 1265 1119 redeundi

890 1143 1032 1208 domum!
1065 1143 1128 1206 hui

250 1233 371 1316 quanto
385 1233 492 1298 fuerat
505 1233 733 1318 praestabilius
747 1231 856 1295 ubiuis
869 1232 1015 1317 gentium
1023 1233 1122 1316 igere
1131 1196 1264 1294 aetatem

221 1339 347 1404 equam
382 1321 446 1386 huic
476 1321 579 1386 redire
612 1326 708 1404 atque
739 1319 818 1383 haec
849 1319 898 1383 ita
928 1340 999 1383 esse
1029 1317 1192 1383 miserum
1222 1341 1264 1382 me

889 1405 1071 1472 resciscere!
1222 1424 1265 1472 285

248 1495 344 1560 PAR.
381 1479 427 1562 rit
464 1498 511 1562 sic
546 1497 642 1562 citius
680 1493 739 1579 qui
772 1499 806 1559 te
838 1496 990 1604 expedias
1020 1493 1072 1560 his
1106 1497 1266 1559 aerumnis

888 1605 1036 1668 repenas.

251 1672 364 1738 sinon
382 1674 541 1760 rediisses,
558 1673 619 1737 hae
637 1672 740 1736 multo
758 1671 862 1736 factae
879 1671 946 1736 irae
960 1674 1068 1736 essent
1081 1671 1266 1753 ampliores:

211 1763 307 1827 used
341 1783 427 1827 nunc
463 1762 638 1826 aduentum
674 1764 766 1824 tuom
803 1759 929 1844 ambas,
964 1757 1151 1844 Pamphile,
1193 1761 1266 1824 scito

890 1847 1098 1912 re'uerituras:
1224 1865 1266 1911 aaa

250 1939 320 2002 rem
356 1957 544 2023 cognosces,
578 1934 661 2000 iram
697 1936 859 2020 expedies,
894 1939 1024 1999 rursum
1058 1935 1095 1998 in
1131 1937 1267 2019 gratian

890 2024 1050 2088 restitues.

250 2112 336 2177 leuia
360 2116 445 2198 sunt,
468 2133 550 2196 quae
573 2116 610 2176 td
632 2112 803 2197 pergrauia
827 2132 896 2176 esse
918 2109 954 2174 1'n
976 2111 1120 2175 animum
1142 2111 1269 2176 induxti

892 2203 991 2264 tuom.

251 2287 352 2353 PAM.
367 2287 451 2366 Quid
464 2287 629 2353 cdnsolare
643 2287 716 2352 me?
735 2290 778 2352 a'm
791 2287 963 2372 quisquam
976 2308 1114 2369 usquam
1124 2288 1269 2372 ge‘ntium

892 2379 943 2440 est
965 2376 1064 2458 aeque
1086 2375 1216 2440 miser?

252 2473 342 2548 pn'us
366 2487 463 2549 quam
484 2465 568 2529 hanc
590 2485 724 2528 uxorem
742 2464 830 2550 duxi,
851 2462 1011 2528 habebam
1029 2461 1108 2526 alibi
1128 2465 1271 2528 animun

892 2552 994 2616 amori
1017 2550 1178 2616 deditum:

213 2665 239 2704 rc
252 2642 361 2705 tamen
391 2661 569 2724 numquam
600 2661 697 2704 ausus
729 2644 801 2704 ssim
828 2661 975 2704 recusare
1002 2641 1073 2703 edm
1099 2661 1208 2723 quam
1236 2643 1274 2706 mi

893 2725 1039 2811 optrudit
1061 2732 1171 2811 pater:
1229 2748 1274 2795 nee

215 2839 239 2881 15
252 2815 318 2879 iam
340 2815 376 2880 in
397 2815 458 2880 hac
480 2836 524 2901 re,
548 2819 586 2880 ut
609 2819 741 2902 taceam,
764 2813 893 2900 quoiuis
915 2815 1042 2879 facilest
1064 2813 1153 2880 scitu
1178 2840 1276 2902 quam

894 2901 1012 2968 fuerim
1033 2903 1143 3004 miser.

253 3127 320 3165 nam
337 3127 388 3165 nos
404 3128 499 3167 omnes
514 3111 617 3180 quibus
632 3114 676 3166 est
690 3109 822 3166 alicunde
836 3109 941 3179 aliquis
956 3110 1084 3166 obiectus
1098 3110 1198 3182 labos,
1232 3121 1280 3168 285

254 3197 336 3236 omne
368 3182 444 3250 quod
476 3185 520 3239 est
551 3183 661 3237 interea
691 3184 802 3251 tempus
829 3181 1022 3306 priulsucffgsatm
1050 3181 1082 3235 id
1108 3184 1281 3310 τεεοίὺωέιὸεῖῑ

325 3433 375 3482 281
409 3429 511 3484 acerba
543 3427 626 3482 credo
659 3445 721 3484 esse
753 3445 788 3484 ex
818 3444 912 3483 amore
944 3429 953 3498 ΙΙ
986 3432 1038 3480 283
1071 3427 1136 3500 hui]
1169 3433 1223 3486 cui
1252 3435 1281 3487 ad

253 3500 335 3622 {Zigira
358 3517 386 3580 'a
408 3516 450 3640 ,aa
477 3502 487 3569 ΙΙ
514 3503 566 3552 289
593 3497 714 3554 redisses
742 3498 797 3554 hae
824 3499 883 3554 irae
911 3498 1005 3554 factae
1030 3503 1128 3554 essent
1154 3503 1255 3558 multo
1279 3564 1282 3572 ¹

326 3586 384 3624 acro
