2698 4156
183 1245 368 1311 METRA
403 1243 570 1310 HVIVS
604 1243 853 1309 FABVLAE
887 1241 1031 1312 ΗΑΕΟ
1056 1190 1210 1312 ι811ΝΤ

367 1557 401 1616 V.
462 1559 534 1613 lad
553 1565 605 1613 206
623 1557 740 1613 iambici
758 1557 863 1613 senarii

375 1669 388 1679 -
407 1642 475 1693 1207
491 1665 524 1685 =
539 1643 591 1692 210
609 1636 747 1692 trochaici
766 1637 905 1693 octonarii

376 1749 388 1760 -
425 1722 477 1771 208
493 1745 525 1764 =
540 1723 591 1771 211
610 1716 749 1772 trochaici
767 1715 921 1787 septenarii

376 1829 389 1840 -
495 1802 546 1851 209
566 1797 704 1852 iambicus
723 1796 920 1865 quaternarius

375 1907 388 1920 -
424 1882 476 1931 912
495 1875 633 1931 iambicus
653 1875 815 1931 octonarius

376 1987 388 1998 -
495 1961 547 2012 213
562 1958 591 2010 et
605 1961 657 2010 215
675 1954 792 2010 iambici
810 1953 986 2025 quaternarii

375 2066 388 2078 ·
424 2041 477 2090 214
495 2034 655 2091 trochaicus
674 2034 851 2106 septenarius

375 2145 388 2158 ·
424 2121 476 2169 216
491 2117 520 2169 et
537 2119 589 2168 217
608 2114 746 2170 trochaici
764 2113 903 2169 octonarii

374 2225 388 2237 ·
414 2199 476 2248 ’218
494 2192 655 2248 trochaicus
674 2193 850 2264 septenarius

375 2306 387 2317 -
423 2279 476 2328 219
495 2273 533 2328 ad
551 2277 603 2327 223
621 2272 738 2328 iambici
757 2272 895 2329 octonarii

375 2386 388 2398 ·
424 2359 477 2408 224
494 2353 656 2408 trochaicus
675 2352 852 2424 septenarius

374 2465 388 2477 ·
423 2439 476 2488 225
495 2433 533 2488 ad
551 2438 604 2487 254
621 2431 761 2487 trochaici
778 2431 933 2502 septenarii

375 2545 387 2556 -
424 2519 476 2567 255
495 2512 533 2567 ad
551 2517 602 2566 291
621 2511 738 2566 iambici
756 2511 910 2582 septenarii

374 2624 403 2661 -k
423 2598 476 2646 292
494 2591 655 2647 trochaicus
673 2590 800 2645 binarius
820 2590 1003 2645 catalecticus

374 2703 387 2716 ·
423 2677 476 2726 299
494 2671 532 2726 ad
546 2676 598 2725 298
614 2697 647 2717 =
662 2675 714 2724 299
733 2670 771 2724 ad
790 2675 841 2724 303
859 2668 977 2724 iambici
996 2667 1135 2724 octonarii

373 2783 387 2795 ·
424 2756 476 2805 904
493 2749 654 2805 trochaicus
673 2749 834 2805 octonarius

375 2861 388 2874 ·
423 2836 476 2886 305
494 2829 655 2885 trochaicus
674 2827 850 2900 septenarius

375 2942 387 2955 -
495 2913 547 2964 306
565 2907 704 2963 iambicus
723 2907 920 2977 quaternarius

374 3021 388 3034 ·
423 2995 475 3044 307
495 2988 535 3048 ad
551 2993 603 3042 319
621 2986 738 3042 iambici
758 2987 896 3041 octonarii

374 3101 387 3114 ·
423 3075 475 3123 320
494 3067 633 3123 iambicus
651 3066 778 3122 senarius

374 3180 387 3193 ·
423 3153 473 3203 321
494 3149 524 3204 et
541 3151 593 3202 322
612 3145 730 3201 iambici
747 3142 901 3215 septenarii

375 3258 388 3271 ·
424 3233 476 3282 923
495 3227 603 3282 adbel
622 3224 739 3281 iambici
757 3224 861 3280 senarii

375 3339 388 3352 ·
424 3313 475 3362 952
495 3307 533 3363 ad
553 3313 605 3362 966
624 3303 762 3361 trochaici
781 3300 936 3373 septenarii

374 3417 388 3430 ·
423 3391 475 3441 967
494 3385 533 3441 ad
551 3390 603 3440 390
621 3383 738 3440 iambici
757 3381 897 3440 octonarii

376 3497 389 3511 ·
425 3472 476 3522 991
496 3467 535 3522 ad
554 3471 606 3522 538
624 3464 742 3520 iambici
759 3462 864 3520 senarii

376 3576 387 3588 -
425 3551 476 3602 539
496 3545 534 3602 sd
553 3549 604 3599 548
623 3543 740 3600 iambici
758 3540 913 3613 septenarii
