2708 4152
96 210 137 263 111
152 216 176 280 s,
191 215 296 263 45-73
508 206 703 262 ADELPHOE
1048 205 1114 270 279

54 388 82 428 ιδ
95 369 191 435 modo
214 374 252 435 ut
274 374 360 434 mine
378 374 437 455 est,
459 390 588 454 quaeso.
622 365 684 432 SY.
708 366 755 432 Vt
774 369 867 518 sluom
887 368 1024 453 quisque
1043 389 1113 432 osse

735 457 778 520 uo
792 459 820 540 t,
842 456 930 521 itast.

95 545 166 610 DE.
181 544 264 621 Quid
276 545 371 610 erim?
389 544 527 609 uidistin
534 544 652 610 hodie?
672 541 734 608 SY.
749 541 1032 608 Tuomnefssium‘?
1060 559 1113 609 400

95 634 226 719 abigam
238 633 325 698 huno
338 655 402 698 rus.
426 633 492 697 iam
505 632 625 697 dudum
638 631 760 716 siliquid
773 631 841 696 ruri
855 652 949 717 agero
963 631 1112 697 sirbitror.

95 722 165 787 DE.
191 719 285 787 Satin
307 720 369 786 sois
392 721 440 785 ibi
463 721 554 786 esse?
597 719 658 786 SY.
683 718 749 805 Oh,
771 741 868 804 quem
891 721 1019 806 egomet
1041 742 1113 804 pro·

736 807 821 873 duxi.
845 807 914 874 DE.
928 809 1112 893 Optumest:

95 897 201 963 metui
226 920 267 963 ne
288 897 437 964 haereret
458 895 519 962 hie.
566 895 628 962 SY.
658 895 766 981 Atque
788 896 909 961 iratum
932 896 1111 962 idmodum.

53 1007 81 1047 so
95 986 166 1051 DE.
191 985 274 1062 Quid
297 986 426 1051 utitem?
460 985 522 1050 SY.
546 983 690 1049 Adortus
714 984 854 1069 iurgiost
875 985 1009 1051 fratrom
1028 985 1112 1069 sipud

736 1073 843 1137 forum

95 1163 135 1227 de
148 1161 283 1246 psiltrie
297 1162 369 1226 iste.
388 1161 456 1226 DE.
471 1159 645 1226 Ainuero?
670 1160 731 1227 SY.
745 1159 829 1246 Veh,
841 1161 1035 1226 nilretieuit.
1059 1177 1111 1226 405

95 1273 171 1314 nam
195 1255 233 1315 ut
255 1250 486 1315 numerabatur
508 1250 592 1314 forte
616 1253 799 1334 argentum,
821 1250 997 1316 interuenit

94 1339 194 1404 homo
218 1338 257 1403 de
279 1336 459 1422 inprouiso:
483 1338 589 1422 eoepit
611 1337 749 1402 clamere
772 1336 956 1423 ‘Aeschine

95 1425 211 1492 haeoiu
233 1426 358 1512 flagitia
381 1427 484 1491 ficere
506 1429 551 1491 te!
587 1426 666 1490 hseo
689 1429 722 1490 te
745 1423 914 1490 admittere

52 1537 81 1577 ss
94 1513 229 1600 indigna
252 1536 368 1600 genere
389 1514 529 1579 nostrot'
574 1512 644 1578 DE.
672 1512 736 1598 Oh,
758 1514 901 1578 leorumo
924 1514 1050 1599 gaudio.

96 1602 159 1668 sY.
180 1601 268 1668 ‘Non
281 1607 318 1668 tu
331 1603 393 1668 hoo
408 1606 577 1688 argentum
590 1601 707 1686 perdis,
726 1601 781 1666 sed
794 1602 898 1666 uitem
911 1603 1022 1667 tuam?
1059 1619 1110 1667 410

95 1691 165 1756 DE.
181 1689 296 1756 Salutis
307 1691 350 1756 sit
360 1713 467 1775 spero:
481 1696 531 1755 est
542 1689 657 1754 similis
667 1690 827 1754 maiouim
837 1712 937 1755 suom.
958 1689 1019 1756 SY.
1029 1689 1110 1755 Huu

95 1779 166 1844 DE.
185 1776 275 1865 Syre,
292 1782 536 1864 praeceptorum
554 1778 685 1862 plenust
700 1779 839 1843 istorum
852 1776 917 1842 ssle.
947 1777 1009 1872 SE.
1027 1777 1111 1861 Phy!

96 1868 184 1933 domi
206 1868 323 1933 hebuit
345 1868 428 1933 unde
452 1867 596 1932 disceret.
642 1865 710 1931 DE.
738 1864 792 1932 Fit
816 1866 939 1931 sedulo:

53 1981 81 2020 so
94 1957 144 2021 nil
165 1956 403 2042 praetermitto:
426 1954 640 2023 oo‘nsuefaeio:
664 1954 800 2038 denique

96 2043 253 2130 inspicere
276 2049 442 2130 tamquam
464 2045 500 2109 iu
522 2042 687 2128 spe'oulum
710 2043 746 2107 in
767 2042 852 2107 uitas
877 2043 1021 2107 omnium
1059 2059 1110 2108 415

95 2133 192 2199 iubeo
216 2135 314 2218 sitque
337 2155 375 2198 ex
400 2133 472 2198 aliis
496 2137 621 2197 sumere
644 2131 827 2215 exemplum
850 2131 921 2196 sibi.

97 2222 174 2286 ‘hoe
209 2220 328 2286 feoito?
384 2220 446 2286 SY.
483 2219 583 2285 Recte
620 2221 704 2283 ss‘me.
758 2217 953 2371 DEO‘Hoo
984 2219 1110 2305 fugito?
1176 2260 1179 2266 ·

738 2306 800 2371 SY.
855 2306 959 2372 effide.

96 2395 166 2461 DE.
200 2394 287 2461 ‘Hoc
317 2396 458 2461 lutidist?
509 2393 571 2460 SY.
603 2394 708 2460 Istseo
739 2397 790 2459 res
819 2399 876 2460 est.
920 2393 991 2460 DE.
1025 2394 1112 2460 ‘Hoc

736 2482 819 2547 uitio
843 2483 958 2548 datur?

56 2570 398 2639 esSY.Prob1‘ssume.
435 2571 505 2636 DE.
528 2570 630 2636 Porro
654 2575 801 2724 Diffi?
830 2569 892 2723 S}
911 2569 988 2636 Non
1005 2570 1112 2637 hercle

773 2681 856 2723 1ums
1200 2690 1202 2694 ·

96 2771 182 2815 nuno
204 2751 251 2814 mi
274 2748 483 2814 auscultandi.
520 2746 618 2833 piscis
641 2771 680 2813 ex
704 2748 864 2813 sententis
1060 2765 1112 2814 420

96 2842 232 2903 nanetus
257 2860 341 2903 sum:
365 2837 395 2902 ei
416 2836 497 2901 mihi
520 2858 561 2902 ns
584 2838 830 2920 corrumpuntur
853 2835 1005 2900 cautiost:

96 2948 173 2991 narn
195 2926 229 2990 id
250 2926 346 2991 nobis
370 2929 436 2990 tam
460 2923 654 3010 flagitiumst
678 2947 775 3009 quam
798 2924 869 3009 illa,
890 2923 1025 3009 Demos,

97 3037 164 3080 non
185 3015 289 3080 ficere
312 3014 420 3098 uobis,
443 3015 525 3097 quae
547 3013 643 3078 modo
667 3013 762 3077 dixti:
785 3017 818 3078 et
841 3011 927 3096 quod
950 3033 1032 3097 queo

58 3128 84 3168 u
98 3103 261 3167 construis
286 3103 325 3167 ad
347 3101 483 3168 eundem
506 3100 614 3166 istunc
636 3100 797 3186 praecipio
820 3101 965 3165 modum:

97 3192 170 3255 ‘hoo
185 3192 347 3276 silsumst
364 3190 427 3256 hoo
441 3191 633 3275 adustumst,
650 3188 713 3254 hoo
725 3189 885 3253 lautumst
898 3211 1025 3272 parum:
1060 3204 1112 3254 42⁶

97 3279 177 3345 illud
199 3283 297 3344 reete:
319 3280 438 3346 iterum
462 3277 508 3343 sio
530 3278 713 3344 memento?
752 3277 863 3342 se‘dulo

97 3371 225 3452 moneo,
248 3389 330 3452 quae
353 3389 487 3452 possum
510 3368 570 3451 pr6
593 3389 665 3432 meo
689 3366 861 3450 sapientis:

168 3565 220 3614 399
239 3558 359 3628 quisque
378 3577 460 3613 suum
478 3557 541 3612 uolt
560 3573 620 3612 esse
634 3559 643 3626 tl
657 3562 710 3611 405
728 3556 802 3611 istae
815 3559 825 3626 [Ι
838 3562 890 3611 407
911 3571 927 3609 o
946 3554 1086 3609 Aeschine
1103 3555 1114 3627 t}
