2698 4156
230 192 292 256 152
631 189 828 246 nvuvcnvs
1034 191 1261 261 vere-cr

226 352 292 418 LA.
330 350 453 418 Omitte
475 352 513 416 de
536 355 570 416 ce
592 350 704 416 dicere.
745 373 805 437 ego
829 356 877 438 te,
899 352 1045 438 furcifer,

187 465 214 504 sc
228 443 256 506 si
279 438 359 508 uiuo
373 492 402 506 ..
424 441 479 504 sed
497 441 592 526 istuc,
614 439 771 524 quidquid
789 445 848 526 est,
866 441 1006 524 primum
1025 441 1150 525 expedi.
1202 457 1259 506 990

226 529 292 594 PA
328 529 369 593 Is·
377 543 441 613 'pro
460 527 520 593 sslo
535 529 681 593 eunucho
696 529 736 593 ed
749 529 905 593 Thdidem
917 529 1001 593 hanc
1014 529 1174 593 deductus
1196 533 1257 593 est.

228 617 293 682 LA.
329 616 393 682 Pro
417 617 608 682 eunuchon?
648 616 713 682 ΡΑ
742 615 795 682 Sic
818 622 876 681 est.
921 617 1008 681 hdnc
1030 639 1089 701 pro
1112 617 1259 682 moecho

229 794 486 879 comprendere
476 798 526 857 int
524 815 566 857 us
590 796 623 858 et
645 708 873 858 conscriiffl
918 793 984 857 LA.
1017 766 1140 858 Occidi!

158 919 161 926 =
227 883 292 948 PA.
330 882 507 947 Audaciam
528 881 734 947 meretricum
752 886 869 967 specta.
915 881 981 946 LA.
1011 881 1184 966 Numquid
1205 889 1259 945 est

189 995 215 1035 sn
230 972 317 1036 slidd
339 972 417 1035 meli
439 968 588 1034 damnine
612 971 699 1054 quod
720 992 787 1034 non
809 969 928 1034 dixeris
1200 989 1256 1035 91¹³»

227 1059 404 1125 relicuom?
434 1058 499 1122 PA
522 1058 704 1123 Tantumst.
745 1058 810 1124 LA.
843 1056 942 1124 Cesso
964 1059 1030 1124 huc
1052 1059 1141 1122 intro
1164 1063 1257 1122 rrim-

229 1236 295 1302 PA.
328 1234 406 1300 Non
428 1236 596 1300 dubiumst
619 1236 700 1319 quin
720 1147 978 1320 mildimrdagnum
1000 1257 1039 1299 ex
1061 1235 1123 1300 hac
1146 1256 1184 1300 re
1210 1234 1257 1299 sir.

228 1414 294 1478 nisi
317 1411 394 1496 quis
415 1433 565 1476 necessus
588 1413 652 1476 fcit
674 1412 737 1476 hoc
758 1324 939 1476 fflugnid
961 1411 1085 1496 geddeo

230 1504 363 1587 propter
385 1522 437 1564 me
458 1500 546 1565 hisce
570 1499 693 1584 aliquid
715 1503 785 1565 e‘sse
807 1504 1000 1564 euenturum
1021 1500 1112 1564 mali:

189 1613 305 1656 sonam
327 1591 393 1654 idm
415 1589 470 1652 diu
494 1590 636 1673 aliquam
658 1593 788 1653 causam
810 1588 984 1672 quaercbdt
1007 1609 1117 1673 senex,
1181 1605 1256 1652 1000

230 1702 327 1763 quam
345 1678 387 1744 ob
406 1700 474 1741 rem
491 1676 619 1763 insigne
638 1678 761 1762 aliquid
778 1678 898 1742 ficeret
911 1677 971 1771 eis:
992 1698 1078 1740 nnnc
1095 1677 1255 1760 repperit.

658 1891 818 1900 ——n-—

509 2075 698 2130 PY'I'HIAS
752 2075 965 2132 mmo

520 2168 678 2223 ANCILLA
785 2167 924 2224 SERVOS

163 2297 299 2362 chY.
331 2295 517 2380 Numquam
540 2296 652 2379 edepol
675 2296 847 2379 quicquam
868 2295 933 2360 iem
955 2295 1011 2359 diu
1034 2295 1121 2379 quod
1142 2291 1256 2380 mdgis¹

764 2384 881 2458 uellem
904 2382 1033 2448 euenire
1071 2401 1076 2414 ·

230 2476 275 2538 mi
298 2475 420 2559 euemi,
443 2495 541 2556 quam
563 2473 649 2556 quod
671 2471 767 2536 mddo
791 2493 886 2536 senex
909 2473 995 2536 intro
1020 2472 1060 2536 sid
1077 2492 1138 2536 nos
1157 2473 1255 2535 uenit

765 2581 884 2624 errans,

231 2651 312 2714 mihi
335 2651 422 2714 stilae
445 2649 580 2713 ridicule
603 2649 680 2734 fuit,
703 2671 785 2732 quse
808 2648 886 2732 quid
908 2649 1037 2713 timeret
1060 2645 1194 2713 scssism.

229 2739 295 2803 PA.
328 2738 413 2814 Quid
433 2737 496 2801 hoc
519 2737 681 2801 autemst?
708 2735 774 2800 PY.
798 2735 894 2800 Nunc
916 2737 950 2801 id
972 2737 1090 2821 prddeo
1114 2741 1152 2800 ut
1176 2759 1253 2802 con·

763 2825 892 2889 ueniam
904 2824 1146 2889 Parmendnem.
1180 2843 1254 2890 1005

203 2916 286 2982 used
304 2915 362 2979 ubi
380 2915 513 2980 dbsecro
532 2914 604 2979 est?
626 2912 692 2978 PA.
715 2912 768 2978 Me
787 2914 913 2997 quaerit
929 2913 1016 2978 haec.
1052 2912 1118 2977 PY.
1137 2911 1254 2998 Atque

763 3003 871 3066 eccum
893 3002 1000 3066 uideo:
1024 2999 1130 3066 adstro.

229 3091 294 3157 PA.
327 3091 411 3167 Quid
433 3093 497 3177 est,
519 3090 650 3175 inepta?
682 3087 760 3174 quid
782 3090 845 3154 tibi
867 3091 940 3154 uis?
972 3088 1079 3154 rides?
1110 3091 1254 3175 pergin?

762 3177 829 3243 PY.
861 3177 960 3258 Perii,

230 3269 355 3334 defessa
385 3269 451 3332 ism
478 3289 550 3331 sum
577 3265 696 3332 misera
721 3272 755 3332 tc
781 3267 922 3331 ride'ndo.
968 3265 1033 3331 PA.
1066 3265 1151 3342 Quid
1180 3267 1255 3332 ica?

761 3353 828 3420 PY.
858 3354 1019 3442 Regius?

304 3553 374 3602 1004
393 3547 516 3602 sciebam
530 3549 540 3616 u
555 3551 622 3602 1007
641 3546 685 3600 uis
704 3545 774 3615 quid
792 3545 891 3618 rides?
