2646 4152
104 216 130 267 v
148 221 172 282 2,
189 220 293 267 11—28
542 214 697 298 necilli
895 203 899 208 ’
1061 215 1118 278 251

103 374 173 440 LA.
203 374 389 465 Phidippe„
403 378 532 439 nostres
554 375 705 439 milicres
729 377 894 459 suspectas
917 375 1019 440 fuisse
1041 376 1124 441 filse
1226 416 1234 422 -

103 462 202 528 nobis
234 464 270 528 in
300 485 335 528 re
367 484 461 547 eapse
492 463 689 527 inuenimus:
721 484 817 546 porro
850 463 934 528 hene
960 485 1046 529 nunc
1073 486 1123 529 ex·

534 553 703 634 pensmur.

103 662 183 705 nam
206 639 237 704 si
258 639 450 723 compererit
473 637 601 703 crimini
623 643 681 704 tua
703 640 786 704 fe'lso
811 637 996 725 credidisse,

104 730 239 793 missam
270 726 353 793 irem
384 727 492 793 faciet:
526 727 578 792 sin
608 732 715 792 meust
748 728 789 792 ob
822 730 893 792 esim
925 749 993 792 rem
1020 729 1123 793 iratus

534 817 667 901 gneius,
1073 831 1124 882 780

63 921 90 960 1⁵
106 905 194 989 quod
216 904 342 989 pe'perit
364 925 447 969 uxor
470 904 562 990 clam,
583 902 618 967 id
638 904 755 969 leuesi:
778 904 843 968 cito
862 905 904 969 eb
923 925 960 970 co
978 903 1058 969 hece
1076 905 1124 968 ira

535 991 691 1056 abscedet.

106 1082 251 1164 profc‘eto
270 1079 435 1146 inhaere
453 1079 504 1144 ml
521 1080 641 1167 malist,
664 1081 750 1164 quod
769 1078 812 1145 sil
830 1079 963 1144 discidio
981 1077 1123 1166 dignum.

106 1168 174 1234 PH.
197 1168 305 1234 Velim
330 1169 458 1253 quidem
480 1169 594 1232 hercle.
635 1167 701 1232 LA.
729 1166 887 1253 Exquire:
911 1169 1014 1233 adest:
1039 1168 1125 1252 quod

534 1257 614 1321 silis
638 1257 696 1342 sit,
718 1257 814 1321 faciei
836 1255 915 1340 ipse.

105 1345 172 1410 PH.
197 1344 280 1421 Quid
298 1345 344 1409 mi
362 1344 463 1409 istaec
479 1367 592 1409 narras
609 1344 716 1410 leuis?
742 1365 809 1409 non
827 1349 898 1409 tute
916 1342 985 1428 ipse
1003 1344 1124 1408 dudum

534 1431 654 1498 audisti

106 1523 144 1586 de
167 1522 228 1586 hac
250 1543 284 1586 re
307 1521 433 1586 enimus
456 1543 548 1585 meus
566 1524 604 1584 ut
622 1486 674 1606 sst',
697 1519 840 1596 Laches?
872 1518 939 1584 illis
957 1519 1053 1584 modo
1072 1540 1124 1584 ex·

534 1608 620 1692 plebe
643 1609 794 1673 Animum.
819 1645 862 1655 -
1072 1623 1123 1674 '185

65 1718 92 1756 20
107 1696 172 1763 LA.
206 1696 330 1774 Quaeso
359 1697 484 1782 edepol,
515 1696 664 1782 Bacchis,
696 1697 782 1780 qu6d
808 1696 890 1760 mihi
917 1718 951 1761 es
978 1694 1124 1780 pollicita

534 1789 605 1849 lube
628 1789 665 1849 ut
688 1787 804 1849 serues

107 1873 173 1938 BA.
203 1873 252 1939 Ob
276 1875 347 1938 esim
369 1895 437 1938 rem
459 1873 518 1937 uin
539 1893 616 1958 ergo
639 1871 727 1937 intro
751 1873 843 1937 eam?
888 1871 954 1936 LA.
982 1871 1008 1958 Ι,
1031 1872 1124 1956 exple

534 1961 677 2026 inimum
701 1961 756 2048 eis,
779 1981 857 2046 coge
880 1965 918 2025 ui
940 1960 1077 2026 cedant.

106 2051 173 2116 BA.
206 2050 270 2137 Eo,
298 2051 360 2115 etsi
388 2051 454 2115 scic
477 2050 533 2133 pol
555 2048 602 2114 eis
625 2051 695 2115 fore
717 2072 825 2114 meum
848 2051 1055 2133 ecnspeclum
1077 2071 1124 2112 111·

533 2139 640 2202 uisum
662 2137 771 2202 helie:

106 2251 181 2292 nem
213 2231 315 2310 mipta
346 2227 507 2291 meretrici
538 2226 643 2291 h6slis
677 2230 739 2310 est,
775 2249 794 2290 a
826 2223 897 2289 uiro
930 2225 988 2289 ubi
1021 2246 1124 2311 segre-

534 2316 650 2398 gslast.
1073 2329 1123 2378 789

68 2422 95 2462 2⁵
108 2403 172 2467 LA.
205 2402 251 2466 At
282 2402 409 2467 eisdem
437 2402 555 2466 amicas
582 2402 651 2466 fere
677 2401 740 2465 tibi
767 2399 940 2487 promitto,
972 2401 1030 2465 ubi
1056 2423 1124 2466 rem

534 2490 726 2575 cogn6rint:-
1072 2505 1122 2555 791

107 2603 180 2644 nam
204 2579 277 2643 illes
302 2600 408 2643 errore
432 2582 465 2644 et
486 2581 520 2642 te
544 2578 641 2642 simul
664 2577 845 2662 suspicione
868 2577 1024 2642 exsclues.

108 2667 173 2732 BA.
203 2665 298 2752 Perii,
321 2667 420 2750 pudet
437 2665 653 2731 Philemenns.
686 2688 737 2730 me
760 2666 932 2750 se‘quimini
954 2664 1019 2730 huc
1035 2666 1123 2730 intro

533 2755 654 2820 a‘mbee.
678 2792 721 2802 -

109 2845 172 2909 LA.
205 2843 288 2921 Quid
315 2847 365 2908 esi
392 2841 475 2907 mihi
504 2843 590 2926 quod
616 2843 727 2907 malim
750 2845 847 2926 quim
870 2842 957 2925 quod
979 2841 1055 2906 huic
1077 2842 1123 2906 in·

533 2931 652 3016 tellego
676 2929 819 3017 euenire,

108 3179 161 3232 LA.
195 3177 234 3233 At
265 3177 335 3230 haec
364 3174 471 3230 amicae
500 3179 598 3242 erunt,
631 3176 681 3229 ubi
709 3192 795 3244 quam
822 3175 859 3230 ob
886 3190 946 3229 rem
974 3174 1123 3229 adueneris

533 3245 692 3300 resciscent.
1073 3250 1124 3298 790

179 3429 229 3479 778
244 3424 307 3494 ipsa
321 3429 329 3487 ΙΙ
344 3429 395 3478 779
409 3425 460 3478 tue
475 3439 504 3477 se
518 3440 589 3476 uxor
602 3423 674 3476 falso
685 3425 745 3491 (tua
756 3439 784 3476 se
795 3438 865 3476 uxor
874 3425 914 3492 se)
928 3426 937 3492 ΙΙ
952 3427 1005 3476 780
1018 3423 1122 3493 meust]

109 3499 201 3550 aulem
212 3498 380 3564 (autemest)
395 3501 403 3561 ΙΙ
418 3499 470 3548 784
479 3493 568 3564 leuia]
578 3493 646 3562 quie
656 3496 704 3562 (en
713 3492 791 3561 quie)
805 3496 815 3560 11
829 3498 880 3547 787
891 3492 902 3546 i
912 3493 1006 3564 exple]
1016 3492 1027 3545 i
1037 3495 1123 3561 atque

110 3565 187 3636 exple
201 3565 308 3635 (itaque
323 3565 414 3635 exple)
429 3568 437 3630 l
453 3570 502 3618 791
518 3580 577 3618 rem
591 3563 641 3617 ubi
656 3563 840 3633 cognouerint
854 3565 863 3632 [Ι
878 3568 930 3618 794
944 3563 1020 3631 quod
1034 3563 1105 3616 mihi
1115 3566 1124 3630 ,Ι
