2734 4140
367 832 407 902 O.
436 833 680 901 SVETONI
713 832 1074 914 TRANQVILLI

419 956 548 1022 VITA
571 957 613 1023 P.
633 955 860 1022 TERENTI
884 955 1021 1024 AFRI.

305 1210 331 1249 r.
351 1209 521 1250 rnann'rrvs
545 1209 633 1269 arna,
656 1190 842 1268 Karthagine
865 1193 964 1268 natus,
987 1190 1094 1250 seruiit
1113 1191 1225 1250 Romae

217 1279 356 1341 Terentio
375 1279 497 1339 Lucano
521 1279 660 1357 senatori,
684 1298 702 1338 a
725 1297 785 1355 quo
809 1279 846 1339 ob
868 1279 1023 1356 ingenium
1046 1282 1076 1338 et
1098 1279 1226 1338 formam

217 1387 277 1427 non
295 1368 457 1427 institutus
474 1368 561 1428 modo
579 1367 751 1444 liberaliter,
770 1366 822 1427 sed
836 1370 867 1426 et
880 1370 998 1426 mature
1012 1385 1105 1425 manu
1117 1367 1225 1426 missus

218 1458 271 1515 est.
318 1455 440 1533 quidam
472 1458 594 1532 captum
625 1472 689 1516 esse
721 1455 907 1514 existimant:
939 1454 1020 1531 quod
1049 1455 1113 1514 fieri
1141 1456 1225 1514 nullo

218 1544 305 1604 modo
328 1545 462 1620 potuisse
484 1543 653 1604 Fenestella
676 1543 776 1620 docet,
800 1561 869 1602 cum
890 1543 970 1618 inter
991 1543 1080 1602 finem
1103 1544 1225 1603 secundi
1350 1547 1352 1552 '

218 1632 325 1692 Punici
356 1631 428 1691 belli
460 1635 490 1691 et
517 1632 639 1691 initium
665 1632 750 1691 tertii
778 1634 809 1691 et
836 1634 927 1692 natus
955 1631 995 1690 sit
1021 1633 1052 1691 et
1077 1635 1224 1692 mortuus.

218 1739 272 1780 nec
300 1720 325 1779 si
352 1740 371 1779 a
392 1719 532 1779 Numidis
560 1724 615 1780 aut
638 1719 775 1780 Gaetulis
798 1722 904 1795 captus
927 1719 982 1794 sit,
1009 1719 1048 1778 ad
1070 1719 1225 1779 dominum

218 1809 387 1868 Romanum
427 1807 583 1884 peruenire
621 1808 772 1884 potuisse,
813 1808 897 1867 nullo
934 1808 1110 1868 commercio
1147 1807 1226 1866 inter
1352 1811 1353 1842 i

219 1897 341 1956 Italicos
368 1899 400 1955 et
422 1897 512 1956 Afros
539 1896 597 1955 nisi
624 1899 694 1971 post
716 1894 845 1954 deletam
868 1895 1087 1973 Karthaginem
1109 1899 1223 1971 coepto.

219 1985 267 2044 hio
295 2003 362 2044 cum
391 1984 495 2043 multis
518 1983 669 2043 nobilibus
692 1983 882 2042 familiariter
904 1984 995 2060 uixit,
1022 1983 1074 2043 sed
1096 1984 1224 2042 maxime

219 2093 287 2133 cum
307 2072 444 2148 Scipione
462 2072 603 2132 Africano
626 2074 658 2131 et
676 2070 707 2132 0.
720 2071 832 2148 Laelio,
856 2071 965 2148 quibus
984 2072 1076 2131 etiam
1093 2073 1225 2148 corporis

219 2162 319 2240 gratia
341 2161 518 2220 conciliatus
541 2160 738 2221 existimatur.
779 2159 859 2236 quod
882 2163 914 2218 et
935 2161 1035 2235 ipsum
1057 2160 1225 2220 Fenestella

219 2250 329 2328 arguit,
352 2249 531 2309 contendens
553 2250 683 2325 utroque
701 2247 843 2307 maiorem
862 2250 937 2306 natu
955 2248 1056 2306 fuisse.
1085 2249 1225 2324 quamuis

219 2342 252 2399 et
272 2338 374 2414 Nepos
401 2337 541 2414 aequales
567 2354 668 2396 omnes
690 2336 784 2395 fuisse
805 2334 908 2395 tradat
930 2338 961 2395 et
983 2335 1107 2395 Porcius
1130 2337 1224 2412 suspi-

218 2427 332 2487 tionem
354 2425 390 2484 de
413 2425 628 2485 consuetudine
650 2443 705 2501 per
726 2425 799 2484 haec
821 2423 927 2483 faciat:

219 2566 299 2626 Dum
321 2565 477 2625 lasciuiam
500 2565 646 2626 nobilium
669 2567 701 2624 et
723 2564 828 2623 laudes
851 2565 971 2626 fucosas
993 2564 1084 2642 petit,

219 2654 291 2714 dum
313 2653 449 2714 Africani
470 2672 575 2714 uocem
599 2653 734 2712 diuinam
757 2652 855 2711 inhiat
877 2652 976 2712 auidis
999 2652 1136 2730 auribus,

220 2743 292 2803 dum
314 2742 353 2801 ad
374 2741 497 2801 Philum
520 2759 550 2801 se
573 2742 704 2800 cenitare
728 2743 759 2800 et
781 2739 918 2800 Laelium
941 2740 1098 2818 pulchrum
1122 2743 1226 2818 putat,

220 2832 291 2891 dnm
318 2831 350 2890 in
373 2829 525 2889 Albanum
552 2829 653 2889 crebro
680 2828 801 2903 rapitur
822 2828 859 2888 ob
882 2829 985 2888 florem
1009 2829 1118 2888 aetatis
1141 2847 1225 2888 suae:

220 2919 282 2979 suis
305 2918 446 2995 postlatis
467 2917 557 2977 rebus
580 2916 618 2977 ad
641 2931 789 2976 summam
811 2915 945 2992 inopiam
967 2917 1106 2976 redactus
1130 2920 1183 2977 est.

219 3008 323 3084 itaque
356 3026 392 3067 ex
423 3009 584 3084 conspectu
617 3005 751 3065 omnium
783 3004 848 3064 abit
876 3004 908 3063 in
935 3004 1090 3065 Graeciam
1116 3008 1226 3064 terram

1014 3094 1172 3153 ultumam.

219 3186 353 3243 mortuos
377 3181 577 3259 Stymphalist
599 3181 746 3240 Arcadiae
769 3180 888 3256 oppido.
925 3180 969 3239 nil
991 3180 1097 3240 Publio

221 3270 320 3347 Scipio
343 3270 471 3347 profuit,
495 3269 538 3328 nil
560 3269 606 3328 illi
629 3269 763 3346 Laelius,
786 3269 830 3327 nil
852 3267 975 3346 Farina,

219 3363 281 3419 tres
303 3378 357 3436 per
379 3358 410 3417 id
433 3360 551 3434 tempus
575 3358 628 3435 qui
651 3357 811 3435 agitabant
833 3355 948 3416 nobiles
970 3356 1130 3417 facillume.

219 3467 323 3508 eorum
345 3447 397 3506 ille
421 3465 511 3522 opera
533 3465 570 3505 ne
593 3445 715 3505 domum
737 3445 858 3522 quidem
876 3443 984 3503 habuit
1002 3444 1227 3521 conductitiam,

220 3537 328 3596 saltem
349 3538 386 3594 ut
409 3537 500 3612 esset,
524 3553 584 3611 quo
607 3534 732 3593 referret
755 3532 871 3593 obitum
895 3533 1008 3592 domini
1032 3535 1176 3594 seruolus.
