2698 4156
276 344 309 400 V.
334 349 385 399 621
404 344 443 399 ad
461 350 513 399 616
531 343 671 400 trochaici
689 343 845 414 septenarii

287 455 299 465 ·
336 429 388 478 614
407 424 445 479 ad
464 430 515 478 622
534 423 651 479 iambici
670 423 809 478 octonarii

288 534 300 545 -
337 508 388 557 626
407 503 445 558 ad
464 509 514 558 667
534 500 672 558 trochaici
691 501 845 572 septenarii

288 613 300 624 -
337 587 388 636 666
408 582 446 637 ad
465 586 517 637 676
535 580 653 637 iambici
671 581 811 636 octonarii

286 692 300 704 ·
337 667 388 716 672
407 663 446 716 ari
465 667 516 717 707
535 660 652 717 iambici
670 659 824 731 septenarii

288 771 302 782 ·
339 746 390 796 706
409 740 548 798 iambicus
567 740 696 797 senarius

288 851 301 862 -
338 826 389 875 702
408 820 446 876 ad
466 827 517 876 722
535 820 674 876 trochaici
693 817 848 890 septenarii

288 931 301 942 ·
338 906 389 955 726
407 901 446 955 ad
465 905 517 955 746
535 900 652 957 iambici
671 899 825 970 septenarii

288 1011 300 1020 -
338 986 388 1035 742
408 981 445 1034 ad
464 985 517 1034 676
536 979 653 1036 iambici
671 978 775 1035 senarii

287 1089 301 1101 ·
337 1063 390 1114 674
407 1058 445 1114 ad
463 1063 516 1114 607
534 1057 673 1114 trochaici
692 1057 846 1128 septenarii

288 1168 302 1180 ·
338 1141 389 1192 202
408 1138 447 1191 ari
466 1142 517 1192 662
536 1136 653 1192 iambici
672 1136 777 1192 senarii

288 1247 301 1258 ·
337 1223 390 1271 640
408 1217 446 1272 ad
465 1223 516 1274 277
535 1215 674 1273 trochaici
692 1214 847 1286 septenarii

288 1327 301 1338 -
338 1301 390 1351 276
407 1296 446 1351 ad
464 1302 516 1352 662
534 1294 651 1351 iambici
669 1294 809 1351 octonarii

288 1408 301 1418 -
321 1383 390 1432 1000
409 1377 446 1432 ad
466 1382 535 1432 1002
553 1375 671 1431 iambici
688 1373 843 1446 septenarii

291 1462 390 1512 -1006
408 1455 547 1512 iambicos
567 1455 729 1511 octonarius

288 1567 303 1578 -
411 1541 481 1590 1004
498 1533 637 1590 iambicus
655 1532 853 1604 quaternarius

290 1647 303 1657 -
320 1619 390 1670 1006
408 1616 446 1671 ad
465 1621 534 1672 1012
552 1613 670 1670 iambici
688 1613 827 1669 octonarii

289 1725 302 1734 ·
321 1699 391 1748 1016
409 1695 447 1748 ad
466 1699 535 1749 1067
553 1692 692 1749 trochaici
710 1691 872 1763 septenarii.
