2734 4140
119 189 147 245 11
161 195 187 247 3.
201 195 309 244 40-70
415 188 570 245 HAVTON
588 188 858 245 TIMORVMENOS
1095 189 1138 253 65

74 377 105 416 ιο
118 351 177 417 ubi
199 351 238 415 de
260 350 462 435 inprouisost
484 349 706 416 intel-uentum
729 351 866 417 mulieri.

117 462 195 505 nam
218 441 329 505 cares
352 442 424 504 tum
447 438 535 505 dedit
558 437 776 505 existumandi
798 439 925 524 cupiam

119 526 315 593 cottidianae
337 525 427 593 uitae
449 527 729 614 consuetudinem,
944 577 953 592 .

120 639 202 700 quae
226 614 408 700 quoiusque
429 615 597 701 ingenium
619 620 658 680 ut
681 615 726 681 sit
747 616 888 682 declarat
910 617 1069 682 minume.

90 777 95 786 ⁴
118 707 283 771 texentem
305 705 406 770 telam
429 704 574 770 studiose
597 704 702 788 ipsam
725 703 932 789 offendimus,
1084 720 1135 770 aso

76 818 106 859 aa
119 792 326 859 mediocriter
347 790 502 858 uestitam
524 796 616 858 ueste
638 793 771 878 lugubri

120 879 206 968 (eius
229 881 323 946 enuis
346 902 443 945 causa
465 879 581 965 opinor
603 902 686 965 quae
709 884 779 947 erat
801 877 946 968 mentua)

120 970 190 1034 sine
214 973 306 1034 auro:
329 972 401 1033 turn
424 972 572 1034 ornatam
594 967 642 1034 ita
664 969 715 1033 uti
738 991 820 1054 quae
843 972 999 1033 ornantur
1022 968 1100 1033 sibi:

119 1057 211 1122 nulla
232 1059 302 1122 erte
324 1057 427 1122 malas
450 1057 627 1141 expolitam
649 1057 817 1142 muliebri3

121 1144 260 1230 capillus
282 1167 399 1230 passus
421 1146 548 1229 prelixe
570 1151 600 1211 et
620 1146 741 1212 circum
763 1149 860 1230 caput
1085 1161 1137 1211 290

79 1261 107 1302 so
121 1235 259 1300 reiectus
281 1235 500 1321 neclegenter,
522 1255 594 1319 para
640 1231 735 1300 OLN.
768 1230 849 1318 Syre
871 1232 932 1321 mi,
954 1233 1102 1319 ebsecro,

120 1344 162 1388 ne
184 1343 237 1387 me
258 1320 295 1387 in
317 1322 477 1387 laetitiam
498 1322 621 1388 fristra
643 1322 791 1387 conicitis.
837 1319 901 1388 SY.
932 1319 1026 1387 Anus

121 1410 293 1476 subtemen
313 1411 420 1476 nebat.
456 1413 623 1494 praeterea
644 1431 709 1476 una
732 1409 885 1476 ancillula

121 1503 205 1584 erat,
228 1501 265 1564 ee
286 1498 418 1564 texebat
440 1502 519 1583 una,
540 1499 657 1583 pannis
681 1499 789 1564 ebsiba
795 1550 805 1583 ,

120 1587 272 1672 neclecta,
285 1587 440 1651 inmunda
453 1587 584 1652 inluuie,
608 1585 698 1653 OLT.
717 1584 841 1652 Sihaec
850 1589 937 1673 sunt,
950 1584 1066 1672 Olinia,
1084 1603 1137 1652 aaa

79 1704 108 1744 sa
121 1698 213 1761 uera,
235 1673 283 1739 ita
304 1675 355 1739 nti
378 1674 486 1759 credo,
510 1672 584 1758 quis
606 1679 639 1740 te
662 1678 713 1740 est
734 1675 945 1740 fortuna'tiorl

122 1765 192 1829 sein
213 1763 272 1828 tu?
308 1762 392 1828 bunc
413 1785 511 1847 quam
534 1762 613 1828 dicit
635 1763 832 1828 serdidatam
855 1766 888 1828 et
911 1762 1089 1848 serdidam,

120 1873 276 1938 magnum
306 1851 370 1917 hec
396 1872 524 1936 quoque
552 1851 729 1939 signumst,
759 1851 922 1916 deminum
949 1872 1020 1917 esse
1047 1856 1138 1917 extra

708 1940 853 2024 neriam,

122 2029 192 2095 eius
216 2031 315 2112 quem
337 2031 405 2094 tam
426 2026 640 2114 necleguntur
661 2028 862 2095 internuntii

121 2139 199 2182 nam
221 2115 423 2201 disciplinast
445 2115 588 2201 primum
609 2117 810 2182 munererier
1085 2133 1138 2182 300

81 2236 109 2274 co
124 2203 258 2271 ancillas
282 2205 329 2271 eis
352 2205 393 2270 ad
414 2205 561 2270 deminus
584 2205 640 2290 qui
662 2205 824 2270 adfectent
845 2204 942 2270 uiam.

123 2291 218 2359 OLN.
249 2292 365 2379 Perge,
388 2293 522 2359 ebsecro
545 2297 593 2379 te,
615 2296 648 2359 et
670 2295 747 2359 ceue
769 2314 811 2360 ne
832 2293 948 2358 falsam
970 2293 1110 2378 gretiam

123 2381 253 2447 studees
276 2381 366 2448 inire.
407 2379 486 2466 quid
509 2383 570 2468 ait,
592 2380 649 2446 ubi
672 2402 724 2446 me
745 2381 917 2446 neminas?

123 2467 187 2535 SY.
209 2468 276 2535 Vbi
298 2467 435 2534 dicimus
457 2467 579 2535 redisse
600 2473 634 2534 te
657 2472 691 2535 et
713 2469 803 2535 oren
825 2470 876 2534 uti

123 2556 250 2624 ueniret
273 2557 313 2623 ad
334 2561 382 2643 te,
404 2557 520 2623 mulier
542 2557 642 2624 telam
664 2557 783 2623 desinit
1087 2574 1139 2622 eoo

81 2676 110 2718 sa
124 2644 278 2712 continuo
302 2649 335 2712 et
357 2645 508 2711 lacrumis
532 2645 643 2730 epplet
667 2667 703 2711 os
725 2649 833 2711 totum
857 2646 935 2733 sibi,

123 2738 161 2800 ut
183 2735 277 2799 sicile
299 2735 397 2800 scires
420 2734 577 2801 desiderio
600 2734 634 2798 id
655 2732 737 2800 fieri.

123 2820 219 2888 OLN.
250 2821 332 2888 Prae
354 2823 486 2908 gaudio,
507 2823 555 2887 ita
576 2843 628 2888 me
651 2821 687 2887 di
707 2827 829 2908 ament,
851 2823 909 2889 ubi
932 2824 994 2889 sim
1016 2825 1139 2890 nescio:

122 2912 172 2975 ita
193 2909 297 2976 timui.
344 2908 432 2976 OLT.
464 2909 511 2975 At
534 2931 595 2998 ego
617 2911 666 2975 nil
688 2913 758 2976 esse
782 2912 917 2997 scibam,
940 2910 1054 2978 Clinia.

122 3019 183 3084 age
206 2999 283 3064 dum
305 2999 464 3084 uicissim,
487 2996 582 3084 Sy‘re,
604 2998 654 3064 dic
676 3020 758 3083 quae
781 3000 871 3064 illast
893 3001 1018 3067 ultera?
1086 3019 1138 3068 310

81 3085 187 3160 soSY.
219 3087 416 3152 Adducimus
438 3091 530 3152 tuam
552 3086 756 3238 Becchiderlr313
794 3084 887 3240 lillildrl'.
910 3087 1018 3242 ?Hem,
1040 3091 1140 3174 quid?

741 3197 794 3240 acc
851 3199 903 3242 em

196 3335 248 3386 982
269 3331 349 3387 dedit
366 3335 428 3386 tum
445 3333 455 3400 fl
474 3334 526 3386 289
546 3333 607 3386 arte
625 3330 729 3402 malas]
748 3330 825 3385 mala
842 3348 873 3387 re
896 3348 957 3388 esse
975 3335 986 3404 ῃ
1005 3339 1058 3388 990
1077 3351 1140 3403 pro·

120 3401 198 3456 lixas
225 3405 235 3472 l
261 3407 314 3457 999
333 3419 397 3457 cum
415 3401 475 3457 eius
499 3405 508 3470 u
535 3407 594 3456 300.
615 3407 665 3454 301
686 3400 838 3472 disciplina
856 3405 900 3458 est
918 3403 1026 3460 eisdem
1043 3421 1141 3459 mune-

120 3472 214 3598 Ξεὸτθὶοτ
229 3474 242 3556 ,Ι
254 3473 391 3615 buncilnlas
408 3471 531 3543 primum
553 3474 563 3541 t
585 3477 638 3526 304
657 3473 747 3544 marc]
766 3489 866 3543 rogare
889 3477 899 3544 fl
921 3480 973 3530 809
987 3474 1049 3530 fieri
1067 3477 1118 3529 tuo
1132 3477 1141 3547 tt

196 3560 254 3599 scre
275 3562 322 3599 am

179 3642 337 3684 'Potentius
352 3643 384 3684 ed
401 3641 543 3684 Flecbeisen.
571 3643 613 3683 Ed.
628 3643 658 3682 11.
964 3640 980 3687 δ
