2708 4152
217 210 286 278 seo
627 215 823 270 Armenoc
1038 219 1078 272 1v
1092 225 1118 288 6,
1135 225 1257 274 18—45

216 371 293 438 huie
304 371 393 458 leges
406 380 528 460 cogunt
541 377 664 442 ndbere
677 377 768 441 hunc.
791 377 860 442 An.
874 377 971 443 Perii
994 378 1054 444 ΜΙ.
1069 378 1156 456 Quid
1169 382 1254 446 est?

217 459 287 526 ΑΕ.
310 459 381 526 Nil:
402 464 504 530 recte:
525 487 634 552 perge.
666 463 726 530 ML
749 465 783 530 Is
806 466 897 530 uenit
919 470 958 531 ut
979 489 1088 532 seeum
1106 469 1254 534 duchat:

178 570 205 612 ro
218 571 294 614 nam
323 548 455 616 hebitdt
480 551 596 619 Mileti
642 553 712 618 An.
743 553 843 640 Hem,
865 552 1037 706 lpp'rpginem
1063 562 1102 621 ut
1130 579 1250 622 secum

805 645 865 708 due
908 644 945 707 t?

218 723 278 790 ΜΙ.
306 723 361 792 Sic
387 729 445 793 est
491 728 561 794 ΔΕ.
589 729 741 795 Miletum
763 752 865 814 usque
888 731 1044 798 obsecro?
1089 731 1151 798 ΜΙ.
1178 733 1248 798 Ita.

804 819 874 883 ΑΕ.
893 819 1013 885 ᾹΠῘΠΙό
1031 822 1158 887 malesei.
1186 841 1249 888 651⁰)

219 903 297 988 quid
318 904 430 986 ipsae?
462 906 541 989 quid
563 907 678 972 aiunt?
714 905 775 972 ML
798 905 883 982 Quid
900 909 975 973 illas
992 910 1124 975 censes?
1153 907 1247 974 nihil

805 1017 899 1060 enim.

218 1083 432 1146 commentust
453 1088 558 1148 mater
580 1085 650 1148 esse
673 1106 713 1148 ex
736 1084 842 1148 alieno
864 1084 937 1149 uiro

217 1171 325 1236 neseio
350 1191 415 1254 quo
437 1193 575 1255 puerum
596 1174 726 1236 mitum:
747 1193 853 1256 neque
876 1195 951 1238 eum
972 1174 1135 1240 ndminet:

179 1280 206 1319 ss
219 1259 361 1343 priorem
384 1280 454 1325 esse
476 1259 584 1345 illum,
605 1263 673 1324 non
695 1264 845 1344 oportere
866 1260 944 1327 hur'e
966 1262 1044 1326 dari.

218 1347 289 1413 AB.
311 1347 395 1432 Eho,
415 1350 524 1413 nonne
546 1348 625 1413 haec
647 1349 734 1413 iuste
751 1346 815 1413 tssri
833 1349 987 1414 uidentur
1004 1351 1152 1434 poscier?
1183 1369 1245 1418 660

219 1434 279 1502 ML
301 1434 386 1501 Non.
418 1435 487 1502 ΑΕ.
512 1421 654 1502 Obsecro
679 1437 795 1502 ‘non'?
822 1439 864 1500 dn
886 1438 977 1502 illam
997 1438 1073 1504 hinc
1092 1439 1245 1523 abducet,

806 1526 921 1609 pater?
1334 1563 1335 1566 ¹

219 1613 279 1680 Ml.
298 1612 382 1690 Quid
398 1613 490 1678 illim
502 1613 538 1678 ni
552 1614 711 1678 abducat?
734 1613 803 1678 ΑΕ.
821 1613 957 1678 Frictum
971 1616 1099 1680 euobis
1113 1616 1244 1681 ddritcr

219 1700 568 1787 mmssericorditerque
591 1707 689 1786 atque
712 1703 824 1786 etiam,
846 1703 875 1766 si
897 1706 961 1789 est,
982 1708 1090 1789 puter,

179 1814 206 1852 so
218 1791 388 1858 dicendum
410 1791 515 1876 magis
538 1793 663 1876 aperte,
685 1791 907 1856 inliberriliter.

219 1881 279 1948 ML
303 1879 406 1955 Quam
429 1879 584 1944 obrem?
616 1879 685 1944 An.
708 1878 819 1964 Rogas
839 1880 914 1944 me?
942 1879 1020 1964 quid
1038 1880 1089 1944 illi
1105 1881 1239 1946 tandem

807 1967 936 2032 creditis
1185 1987 1239 2036 666

219 2060 288 2122 fore
311 2055 412 2119 enimi
433 2055 568 2141 misero,
591 2056 720 2138 quicum
743 2078 781 2121 ea
803 2055 973 2121 consueuit
994 2056 1086 2141 prius

220 2144 293 2233 (qui
314 2143 427 2208 infetix
448 2143 582 2209 hauscio
605 2145 648 2208 ein
669 2145 760 2208 illem
782 2145 898 2210 misere
920 2149 1007 2210 minc
1030 2143 1146 2234 amet),

220 2255 319 2318 quom
341 2231 424 2296 hunc
447 2230 511 2297 sssri
532 2231 657 2298 uidebit
679 2234 830 2317 predsens
852 2234 1016 2316 praesenti
1038 2233 1133 2319 eripi,

180 2343 206 2381 ss
221 2321 336 2387 abddei
359 2321 399 2386 ab
423 2321 548 2386 oeulis?
579 2321 705 2386 ticinus
727 2321 1038 2406 indignum,pater1

219 2409 280 2476 Ml.
294 2409 364 2486 Qua
376 2410 501 2476 mitione
515 2410 622 2475 istuc?
650 2407 723 2493 quis
737 2409 931 2492 despondit?
959 2407 1032 2494 quis
1047 2410 1157 2475 dedit?
1184 2429 1241 2477 670

221 2499 299 2585 quoi
321 2499 449 2582 quendo
471 2498 606 2581 nupsit?
643 2501 755 2562 edctor
776 2496 829 2561 his
852 2498 949 2563 rebds
973 2498 1046 2582 quis
1069 2499 1141 2564 est?

220 2610 303 2672 quor
325 2587 418 2650 duxit
441 2585 600 2650 alienam?
637 2585 706 2650 ΑΕ.
730 2568 784 2650 dn
807 2585 916 2652 sedere
939 2587 1086 2671 oportuit

220 2676 308 2741 domi
330 2671 491 2758 uirginem
513 2678 581 2739 tam
604 2675 772 2760 grendem‚
799 2673 875 2738 dum
898 2677 1055 2760 cognitus
1078 2675 1142 2740 huc

179 2786 207 2825 eo
220 2762 305 2828 illim
327 2761 454 2827 ueniret
477 2763 739 2846 exspectantem?
775 2762 867 2847 haec,
890 2762 938 2826 m1'
958 2767 1066 2849 peter,

220 2857 253 2918 te
275 2848 380 2915 dicere
403 2872 539 2935 aequom
562 2851 625 2915 fdit
649 2855 681 2916 et
704 2851 737 2914 id
760 2851 937 2917 defendere.
1183 2869 1240 2918 675

220 2939 280 3006 ΜΙ.
302 2936 500 3003 Ridiculum:
524 2939 739 3005 eduorsumne
762 2937 858 3004 sslum
880 2961 1011 3005 causam
1033 2937 1186 3024 dicerem,

221 3028 299 3114 quoi
321 3028 472 3092 udneram
495 3027 692 3093 eduoettus?
730 3029 784 3092 scd
808 3028 886 3111 quid
907 3029 985 3113 ista,
1007 3025 1182 3114 Aeschine,

220 3116 353 3183 nostre?
382 3118 438 3180 adt
456 3115 646 3199 quidnobis
666 3138 739 3181 cum
757 3113 846 3180 sslis?
875 3117 1034 3180 ubeemds.
1067 3117 1241 3200 quidest?

180 3225 208 3267 cs
221 3203 299 3290 quid
308 3204 486 3268 lacrumas?
496 3204 566 3268 An.
575 3203 682 3291 Peter,
689 3205 832 3289 obsecro,
839 3205 993 3270 ausculta.
1003 3204 1062 3269 ΜΙ.
1068 3203 1241 3290 Aeschine,

811 3293 921 3357 audiui
945 3294 1054 3358 omnia

293 3507 344 3555 657
368 3504 526 3555 commento
548 3505 639 3557 meter
658 3506 701 3557 est
727 3507 737 3570 11
764 3502 821 3557 ulio
849 3506 858 3567 n
886 3507 938 3555 660
956 3501 1079 3574 poscier]
1098 3504 1201 3572 postes
1228 3515 1242 3577 j

221 3578 272 3628 666
292 3572 406 3640 quicum
424 3573 470 3643 ee]
489 3571 538 3640 qui
557 3590 621 3626 cum
639 3573 690 3627 ille
713 3576 722 3642 ΙΙ
746 3579 798 3627 674
817 3571 897 3626 illinc
920 3575 930 3642 fl
