2734 4140
456 853 783 922 PRAEFATIO.

206 1123 412 1203 Quadraginta
434 1124 506 1183 anni
527 1123 677 1183 interiecti
695 1127 767 1183 sunt
783 1122 863 1182 inter
879 1124 1009 1200 priorem
1027 1143 1126 1185 meam

118 1213 317 1274 recensionem
339 1211 560 1272 comoediarum
578 1211 610 1273 P.
620 1211 742 1272 Terenti
760 1211 828 1270 Afri
847 1215 877 1272 et
894 1213 970 1272 hanc
989 1213 1125 1274 alteram.

119 1319 196 1378 quae
213 1321 267 1378 per
283 1302 340 1361 hoc
359 1299 439 1378 quod
457 1299 519 1359 dixi
536 1299 680 1376 temporis
699 1300 832 1376 spatium
851 1299 890 1359 ad
908 1300 1125 1362 emendandum

119 1409 222 1448 earum
247 1393 366 1450 textum
392 1392 447 1448 aut
473 1408 491 1447 a
518 1407 565 1447 me
592 1388 658 1464 ipso
685 1388 825 1448 inventae
853 1391 907 1448 aut
934 1389 972 1448 ab
999 1389 1068 1449 aliis
1094 1390 1125 1449 in

119 1478 216 1537 lucem
237 1478 361 1538 emissae
381 1480 452 1536 sunt
470 1476 667 1554 coniecturae,
686 1478 835 1553 quatenus
852 1477 909 1536 hae
929 1477 967 1536 ad
984 1478 1124 1537 notitiam

119 1585 216 1625 meam
238 1568 447 1654 pervenerunt,
470 1568 546 1641 quot
568 1582 654 1625 veras
676 1563 795 1642 agnovi,
818 1567 865 1624 tot
887 1564 918 1624 in
941 1568 1058 1625 textum
1080 1586 1125 1626 re·

120 1653 185 1730 cepi
215 1653 386 1713 nominibus
418 1656 576 1712 auctorum
608 1651 737 1730 omissis,
770 1651 821 1712 sed
847 1653 892 1712 ita
919 1656 956 1713 ut
982 1653 1126 1714 lectiones

120 1742 255 1801 codicum
276 1741 550 1817 manuscriptorum
568 1741 647 1799 infra
665 1742 782 1800 textum
800 1740 972 1819 subicerem,
995 1743 1127 1818 exceptis

120 1831 162 1889 eis
180 1829 263 1908 locis,
281 1829 335 1889 ubi
353 1833 455 1889 textus
472 1829 561 1888 lectio
580 1828 618 1887 ab
636 1847 697 1888 uno
716 1848 751 1888 ex
765 1829 916 1890 veteribus
930 1830 1126 1905 scriptoribus

119 1921 174 1977 aut
202 1918 407 1996 grammaticis
433 1917 609 1977 confirmata
636 1920 714 1994 erat,
747 1916 778 1975 id
806 1916 887 1994 quod
914 1937 950 1978 ex
976 1918 1124 1978 Francisoi

119 2005 348 2082 Vmpfenbachii
374 2005 504 2065 editione
528 1997 796 2086 (Berolini1870)
822 2005 911 2066 facile
936 2006 1125 2083 perspicitur.

118 2094 172 2153 ubi
207 2094 354 2155 voeabula
388 2093 421 2176 in
456 2093 541 2152 libris
576 2093 685 2154 omissa
721 2094 874 2170 supplevi,
910 2094 984 2155 haec
1016 2095 1127 2154 litteris

119 2184 243 2242 eosve
266 2201 343 2259 quae
364 2185 513 2242 vocantur
532 2181 684 2259 insignivi.

207 2270 243 2330 In
274 2270 442 2348 digerendis
474 2269 598 2329 canticis
629 2269 815 2346 summatim,
848 2287 909 2345 qua
941 2270 978 2329 de
1004 2289 1037 2329 re
1065 2271 1126 2330 iam

119 2377 145 2420 a.
167 2360 250 2420 1876
279 2359 311 2418 in
339 2357 497 2418 annalibus
524 2356 715 2434 philologicis
741 2357 806 2417 eius
829 2357 901 2416 anni
923 2377 952 2434 p.
973 2360 1036 2418 538
1061 2376 1125 2419 sen·

118 2446 246 2506 tentiam
268 2465 366 2508 meam
388 2445 506 2523 aperui,
532 2448 652 2505 secutus
675 2463 743 2504 sum
765 2443 833 2504 eam
854 2445 1011 2520 rationem,
1035 2466 1127 2523 quam

119 2533 244 2595 Carolus
263 2534 443 2595 Conradtius
466 2533 624 2610 proposuit
647 2533 679 2592 in
702 2552 737 2593 eo
760 2533 837 2592 libro
860 2553 951 2609 quem
973 2535 1127 2611 inscripsit

118 2617 183 2682 ‘die
218 2623 376 2683 metrische
413 2621 610 2698 composition
645 2621 698 2681 der
729 2621 883 2682 comodien
915 2622 966 2682 des
999 2618 1127 2682 Terenz'

119 2703 268 2792 (Berolini
293 2703 408 2790 1876),
434 2713 647 2787 praeterquam
675 2709 756 2786 quod
784 2709 912 2787 singulis
934 2709 1008 2770 locis
1031 2711 1068 2770 ab
1092 2731 1126 2771 eo

117 2798 252 2874 discessi,
281 2800 317 2860 de
345 2799 455 2877 quibus
482 2798 630 2860 rationem
657 2798 787 2858 reddunt
813 2797 925 2859 indices
954 2801 1127 2876 metrorum,

118 2906 194 2964 quos
217 2887 345 2966 singulis
367 2887 478 2946 fabulis
501 2886 621 2947 subieci.

207 2975 422 3036 Suetonianam
432 2974 553 3035 Terenti
566 2975 661 3035 vitam
675 2972 743 3032 dedi
757 2992 793 3032 ex
806 2974 975 3034 recensione
984 2975 1128 3034 Frideriei

116 3063 287 3124 Ritschelii:
310 3064 378 3124 vide
402 3063 466 3124 eius
489 3063 635 3139 opuscula
653 3061 837 3138 philologica
855 3063 914 3123 vol.
928 3061 975 3122 111
994 3060 1127 3143 (Lipsiae

120 3145 221 3234 1877)
244 3172 271 3229 p.
289 3153 472 3212 204-214.

206 3274 324 3334 Dabam
346 3274 478 3334 Dresdae
501 3272 600 3332 idibus
624 3271 848 3347 Septembribus

350 3363 422 3422 enni
443 3359 689 3420 MDCOOXOVII
808 3383 811 3391 «
