2734 4140
129 172 201 242 prol.
217 177 303 226 1-27

473 419 805 488 PROLOGVS

585 581 693 590 ,-

131 683 232 751 Poeta
256 707 354 770 quom
376 685 516 770 primum
538 685 681 752 enimam
704 684 744 750 ad
767 685 970 750 scribendum
992 683 1128 770 edpulit,

132 775 166 840 id
189 772 254 838 sssri
275 774 388 860 negoti
410 774 544 840 credidit
568 774 673 839 solem
696 773 774 861 dari,

118 862 253 948 ¹populo
276 866 314 927 et
336 862 497 947 placerent
520 864 601 947 ques
623 861 752 927 fecisset
773 861 909 928 febulas.

133 973 246 1016 uerum
268 951 362 1016 iliter
385 949 512 1016 euenire
535 951 638 1015 multo
660 950 834 1036 intellegit:

132 1063 208 1105 nam
229 1039 266 1104 in
287 1038 431 1124 prelogis
455 1038 635 1104 scribendis
658 1059 787 1123 operam
810 1038 967 1124 abetitur,
1130 1055 1145 1102 o

87 1134 91 1139 ’
133 1150 200 1194 non
223 1127 279 1212 qui
302 1129 527 1213 ergumentum
547 1128 667 1214 nerret,
690 1127 745 1192 sed
768 1127 825 1211 qui
846 1125 992 1192 meliuoli

99 1257 101 1262 ,
135 1213 253 1282 ueteris
276 1219 390 1300 poetae
412 1215 590 1280 meledictia
613 1215 812 1300 respendeat.

133 1325 229 1391 nunc,
251 1304 347 1388 quem
369 1324 437 1368 rem
459 1303 541 1368 uitio
565 1303 651 1390 dent,
673 1325 792 1387 quaeso
815 1303 958 1368 animum
980 1301 1144 1367 attendite.

133 1392 308 1458 Menender
329 1391 406 1457 feeit
428 1377 584 1456 Andriam
607 1396 639 1456 et
660 1389 868 1456 Perinthiam.

135 1480 191 1566 qui
214 1479 372 1546 utremuis
394 1483 480 1545 reete
500 1480 599 1566 nerit,
622 1479 732 1544 ambas
753 1480 896 1544 neuerit:
953 1477 957 1486 '
1113 1495 1145 1542 10

134 1571 182 1635 ita
202 1571 270 1636 nen
293 1568 442 1633 dissimili
465 1572 541 1633 sent
564 1572 763 1654 argumento,
785 1570 817 1632 et
839 1571 949 1632 tamen

136 1655 285 1723 dissimili
308 1657 453 1721 oratiene
476 1660 553 1744 sunt
573 1657 677 1722 iactae
699 1658 736 1721 a‘o
759 1656 844 1720 stilo.

114 1771 115 1778 ¹
137 1767 218 1832 quae
240 1747 425 1831 cenuenere,
446 1744 482 1808 in
503 1744 660 1810 Andriam
682 1765 720 1809 ex
743 1742 910 1809 Perinthia

135 1836 257 1900 fatetur
279 1829 484 1898 transtulisse
507 1836 604 1917 atque
625 1854 719 1898 usum
742 1833 801 1917 pre
826 1831 901 1896 suis.

136 1924 170 1988 id
190 1920 251 1988 isti
271 1922 456 2006 uituperant
477 1920 599 1986 fectum
621 1925 718 2005 atque
739 1922 775 1985 in
796 1941 834 1986 eo
858 1917 1026 2004 disputant
1113 1934 1145 1983 ro

137 2011 348 2077 conteminari
369 2011 437 2075 nen
458 2009 566 2075 decere
587 2009 723 2075 febulas.

136 2100 299 2165 facientne
321 2097 546 2184 intellegendo,
567 2102 605 2163 ut
626 2097 710 2162 nihil
731 2095 944 2182 intellegant?
995 2161 1004 2176 ,

138 2187 194 2274 qui
216 2208 315 2272 quom
335 2187 422 2252 hene
444 2189 603 2273 accusant,
624 2183 786 2251 Naeuium
806 2184 958 2250 Plautum
980 2181 1124 2248 Ennium

138 2278 297 2362 accesant,
319 2296 400 2359 quos
421 2274 475 2339 hic
495 2276 608 2339 nester
630 2275 775 2339 auctores
797 2273 906 2360 habet,

139 2386 275 2450 quorum
297 2361 449 2428 aemulari
472 2364 604 2446 exeptat
625 2361 857 2448 neclegentiam
1112 2375 1146 2423 20

137 2452 247 2538 potiris
270 2473 367 2536 quam
387 2450 526 2515 istorum
548 2450 717 2516 obscenam
739 2448 947 2535 diligentiam.

138 2541 252 2607 dehinc
273 2544 311 2605 et
334 2538 500 2624 quiescant
522 2541 619 2622 perro
641 2559 756 2604 moneo
779 2542 812 2602 et
835 2537 982 2602 desinant

136 2626 333 2714 maledicere,
353 2633 389 2694 ot
408 2627 577 2693 malefecta
598 2648 639 2693 ne
659 2627 796 2693 noscent
818 2648 884 2690 sua.

136 2720 253 2806 fauete,
274 2716 382 2782 adeste
405 2735 506 2800 aequo
530 2714 636 2780 eirimo
659 2719 692 2780 et
713 2736 782 2780 rem
804 2713 998 2800 cognescite,

136 2811 175 2873 ut
195 2804 404 2892 pernoscatis,
426 2803 539 2888 ecquid
561 2803 629 2888 spei
652 2804 696 2870 sit
717 2803 881 2887 relicuom,
1113 2815 1146 2865 ao

137 2895 272 2981 posthec
295 2914 375 2978 quas
397 2891 493 2957 faciet
516 2892 554 2956 de
576 2890 704 2978 integro
727 2891 918 2977 comoedias,

138 2983 327 3070 spectindae
349 3002 392 3046 an
413 2979 586 3066 exigendae
609 2980 676 3045 sint
697 2978 791 3046 uobis
814 2979 914 3064 prius.

209 3179 242 3228 11
260 3189 318 3228 aon
335 3171 378 3228 ita
391 3176 401 3246 u
414 3172 455 3244 et]
474 3171 525 3228 sed
537 3173 547 3242 ΙΙ
561 3177 595 3228 2⁶
614 3170 728 3244 ecquid]
748 3173 777 3227 ot
795 3168 887 3240 quidfl

565 3406 723 3418 -——
