<?xml version="1.0" encoding="UTF-8"?>
<!DOCTYPE html PUBLIC "-//W3C//DTD XHTML 1.0 Transitional//EN"
    "http://www.w3.org/TR/xhtml1/DTD/xhtml1-transitional.dtd">
<html xmlns="http://www.w3.org/1999/xhtml" xml:lang="en" lang="en">
 <head>
  <title>
</title>
<meta http-equiv="Content-Type" content="text/html;charset=utf-8" />
  <meta name='ocr-system' content='tesseract 3.04.00' />
  <meta name='ocr-capabilities' content='ocr_page ocr_carea ocr_par ocr_line ocrx_word'/>
</head>
<body>
  <div class='ocr_page' id='page_1' title='image "./pterentiafricom01flecgoog_0178.png"; bbox 0 0 2698 4156; ppageno 0'>
   <div class='ocr_carea' id='block_1_1' title="bbox 100 160 277 228">
    <p class='ocr_par' dir='ltr' id='par_1_1' title="bbox 100 160 277 228">
     <span class='ocr_line' id='line_1_1' title="bbox 100 160 277 228; baseline 0.006 -17"><span class='ocrx_word' id='word_1_1' title='bbox 100 160 172 228; x_wconf 86' lang='lat' dir='ltr'><strong>prol.</strong></span> <span class='ocrx_word' id='word_1_2' title='bbox 190 161 277 212; x_wconf 76' lang='lat'><strong>1-26</strong></span> 
     </span>
    </p>
   </div>
   <div class='ocr_carea' id='block_1_2' title="bbox 441 727 774 795">
    <p class='ocr_par' dir='ltr' id='par_1_2' title="bbox 441 727 774 795">
     <span class='ocr_line' id='line_1_2' title="bbox 441 727 774 795; baseline 0.003 -1"><span class='ocrx_word' id='word_1_3' title='bbox 441 727 774 795; x_wconf 81' lang='lat' dir='ltr'><strong>PROLOGVS</strong></span> 
     </span>
    </p>
   </div>
   <div class='ocr_carea' id='block_1_3' title="bbox 99 990 1113 3196">
    <p class='ocr_par' dir='ltr' id='par_1_3' title="bbox 100 990 885 1076">
     <span class='ocr_line' id='line_1_3' title="bbox 100 990 885 1076; baseline 0.003 -20"><span class='ocrx_word' id='word_1_4' title='bbox 100 990 278 1075; x_wconf 71' lang='lat' dir='ltr'><strong>Postquam</strong></span> <span class='ocrx_word' id='word_1_5' title='bbox 301 995 397 1076; x_wconf 86' lang='lat' dir='ltr'><strong>po&#39;e&#39;ta</strong></span> <span class='ocrx_word' id='word_1_6' title='bbox 419 994 513 1056; x_wconf 72' lang='lat' dir='ltr'><strong>uetus</strong></span> <span class='ocrx_word' id='word_1_7' title='bbox 537 995 666 1074; x_wconf 70' lang='lat' dir='ltr'><strong>potitam</strong></span> <span class='ocrx_word' id='word_1_8' title='bbox 687 994 754 1056; x_wconf 87' lang='lat' dir='ltr'><strong>n6n</strong></span> <span class='ocrx_word' id='word_1_9' title='bbox 776 995 885 1076; x_wconf 89' lang='lat' dir='ltr'><strong>potest</strong></span> 
     </span>
    </p>

    <p class='ocr_par' dir='ltr' id='par_1_4' title="bbox 100 1079 1063 1251">
     <span class='ocr_line' id='line_1_4' title="bbox 100 1079 1063 1168; baseline 0.004 -25"><span class='ocrx_word' id='word_1_10' title='bbox 100 1080 265 1145; x_wconf 76' lang='lat' dir='ltr'><strong>retrahere</strong></span> <span class='ocrx_word' id='word_1_11' title='bbox 287 1103 306 1144; x_wconf 86' lang='lat' dir='ltr'><strong>a</strong></span> <span class='ocrx_word' id='word_1_12' title='bbox 328 1080 436 1144; x_wconf 86' lang='lat' dir='ltr'><strong>studio</strong></span> <span class='ocrx_word' id='word_1_13' title='bbox 460 1083 492 1144; x_wconf 92' lang='lat' dir='ltr'><strong>et</strong></span> <span class='ocrx_word' id='word_1_14' title='bbox 515 1079 680 1145; x_wconf 71' lang='lat' dir='ltr'><strong>transdere</strong></span> <span class='ocrx_word' id='word_1_15' title='bbox 702 1080 865 1145; x_wconf 90' lang='lat' dir='ltr'><strong>hominem</strong></span> <span class='ocrx_word' id='word_1_16' title='bbox 887 1082 922 1145; x_wconf 94' lang='lat' dir='ltr'><strong>in</strong></span> <span class='ocrx_word' id='word_1_17' title='bbox 945 1083 1063 1168; x_wconf 78' lang='lat' dir='ltr'><strong>otium,</strong></span> 
     </span>
     <span class='ocr_line' id='line_1_5' title="bbox 100 1166 795 1251; baseline 0 -19"><span class='ocrx_word' id='word_1_18' title='bbox 100 1166 279 1233; x_wconf 86' lang='lat' dir='ltr'><strong>maledictis</strong></span> <span class='ocrx_word' id='word_1_19' title='bbox 302 1168 461 1232; x_wconf 77' lang='lat' dir='ltr'><strong>deterrere</strong></span> <span class='ocrx_word' id='word_1_20' title='bbox 482 1189 523 1232; x_wconf 90' lang='lat' dir='ltr'><strong>ne</strong></span> <span class='ocrx_word' id='word_1_21' title='bbox 547 1167 667 1232; x_wconf 76' lang='lat' dir='ltr'><strong>scribat</strong></span> <span class='ocrx_word' id='word_1_22' title='bbox 688 1173 795 1251; x_wconf 88' lang='lat' dir='ltr'><strong>parat:</strong></span> 
     </span>
    </p>

    <p class='ocr_par' dir='ltr' id='par_1_5' title="bbox 101 1255 930 1344">
     <span class='ocr_line' id='line_1_6' title="bbox 101 1255 930 1344; baseline 0.001 -23"><span class='ocrx_word' id='word_1_23' title='bbox 101 1256 157 1339; x_wconf 90' lang='lat' dir='ltr'><strong>qui</strong></span> <span class='ocrx_word' id='word_1_24' title='bbox 180 1255 227 1320; x_wconf 82' lang='lat' dir='ltr'><strong>ita</strong></span> <span class='ocrx_word' id='word_1_25' title='bbox 251 1255 392 1340; x_wconf 87' lang='lat' dir='ltr'><strong>dictitat,</strong></span> <span class='ocrx_word' id='word_1_26' title='bbox 416 1277 495 1341; x_wconf 91' lang='lat' dir='ltr'><strong>quas</strong></span> <span class='ocrx_word' id='word_1_27' title='bbox 519 1257 594 1321; x_wconf 75' lang='lat' dir='ltr'><strong>ante</strong></span> <span class='ocrx_word' id='word_1_28' title='bbox 615 1256 668 1320; x_wconf 91' lang='lat' dir='ltr'><strong>hic</strong></span> <span class='ocrx_word' id='word_1_29' title='bbox 690 1257 767 1321; x_wconf 89' lang='lat' dir='ltr'><strong>fecit</strong></span> <span class='ocrx_word' id='word_1_30' title='bbox 789 1257 930 1344; x_wconf 74' lang='lat' dir='ltr'><strong>scholas,</strong></span> 
     </span>
    </p>

    <p class='ocr_par' dir='ltr' id='par_1_6' title="bbox 100 1344 1113 1606">
     <span class='ocr_line' id='line_1_7' title="bbox 100 1344 1113 1428; baseline 0.004 -20"><span class='ocrx_word' id='word_1_31' title='bbox 100 1344 191 1409; x_wconf 89' lang='lat' dir='ltr'><strong>tenui</strong></span> <span class='ocrx_word' id='word_1_32' title='bbox 214 1347 284 1409; x_wconf 70' lang='lat' dir='ltr'><strong>esse</strong></span> <span class='ocrx_word' id='word_1_33' title='bbox 307 1345 452 1410; x_wconf 78' lang='lat' dir='ltr'><strong>oratione</strong></span> <span class='ocrx_word' id='word_1_34' title='bbox 474 1348 507 1409; x_wconf 90' lang='lat' dir='ltr'><strong>et</strong></span> <span class='ocrx_word' id='word_1_35' title='bbox 530 1345 690 1428; x_wconf 73' lang='lat' dir='ltr'><strong>scriptura</strong></span> <span class='ocrx_word' id='word_1_36' title='bbox 712 1345 789 1410; x_wconf 84' lang='lat' dir='ltr'><strong>leui:</strong></span> <span class='ocrx_word' id='word_1_37' title='bbox 1098 1365 1113 1412; x_wconf 85' lang='lat'><strong>5</strong></span> 
     </span>
     <span class='ocr_line' id='line_1_8' title="bbox 101 1430 980 1517; baseline 0.005 -21"><span class='ocrx_word' id='word_1_38' title='bbox 101 1433 178 1516; x_wconf 84' lang='lat' dir='ltr'><strong>quia</strong></span> <span class='ocrx_word' id='word_1_39' title='bbox 198 1437 359 1516; x_wconf 82' lang='lat' dir='ltr'><strong>ndsquam</strong></span> <span class='ocrx_word' id='word_1_40' title='bbox 381 1434 531 1497; x_wconf 84' lang='lat' dir='ltr'><strong>insanum</strong></span> <span class='ocrx_word' id='word_1_41' title='bbox 554 1430 684 1517; x_wconf 76' lang='lat' dir='ltr'><strong>scripsit</strong></span> <span class='ocrx_word' id='word_1_42' title='bbox 707 1434 980 1500; x_wconf 75' lang='lat' dir='ltr'><strong>adulescentulum</strong></span> 
     </span>
     <span class='ocr_line' id='line_1_9' title="bbox 100 1519 802 1606; baseline 0.001 -21"><span class='ocrx_word' id='word_1_43' title='bbox 100 1522 228 1586; x_wconf 72' lang='lat' dir='ltr'><strong>cerutm</strong></span> <span class='ocrx_word' id='word_1_44' title='bbox 251 1520 359 1585; x_wconf 86' lang='lat' dir='ltr'><strong>uidere</strong></span> <span class='ocrx_word' id='word_1_45' title='bbox 381 1521 492 1606; x_wconf 73' lang='lat' dir='ltr'><strong>frigere</strong></span> <span class='ocrx_word' id='word_1_46' title='bbox 515 1525 547 1584; x_wconf 90' lang='lat' dir='ltr'><strong>et</strong></span> <span class='ocrx_word' id='word_1_47' title='bbox 570 1519 689 1586; x_wconf 86' lang='lat' dir='ltr'><strong>sectari</strong></span> <span class='ocrx_word' id='word_1_48' title='bbox 709 1543 802 1586; x_wconf 87' lang='lat' dir='ltr'><strong>cenes</strong></span> 
     </span>
    </p>

    <p class='ocr_par' dir='ltr' id='par_1_7' title="bbox 101 1609 854 1693">
     <span class='ocr_line' id='line_1_10' title="bbox 101 1609 854 1693; baseline 0.001 -20"><span class='ocrx_word' id='word_1_49' title='bbox 101 1613 133 1673; x_wconf 89' lang='lat' dir='ltr'><strong>et</strong></span> <span class='ocrx_word' id='word_1_50' title='bbox 156 1611 227 1674; x_wconf 79' lang='lat' dir='ltr'><strong>actm</strong></span> <span class='ocrx_word' id='word_1_51' title='bbox 249 1609 390 1693; x_wconf 86' lang='lat' dir='ltr'><strong>plorare,</strong></span> <span class='ocrx_word' id='word_1_52' title='bbox 413 1611 565 1673; x_wconf 75' lang='lat' dir='ltr'><strong>orarent</strong></span> <span class='ocrx_word' id='word_1_53' title='bbox 588 1609 760 1674; x_wconf 78' lang='lat' dir='ltr'><strong>subuenidt</strong></span> <span class='ocrx_word' id='word_1_54' title='bbox 783 1610 854 1675; x_wconf 84' lang='lat' dir='ltr'><strong>sibi.</strong></span> 
     </span>
    </p>

    <p class='ocr_par' dir='ltr' id='par_1_8' title="bbox 101 1694 935 1785">
     <span class='ocr_line' id='line_1_11' title="bbox 101 1694 935 1785; baseline 0.005 -25"><span class='ocrx_word' id='word_1_55' title='bbox 101 1697 187 1781; x_wconf 92' lang='lat' dir='ltr'><strong>quod</strong></span> <span class='ocrx_word' id='word_1_56' title='bbox 210 1697 238 1762; x_wconf 86' lang='lat' dir='ltr'><strong>si</strong></span> <span class='ocrx_word' id='word_1_57' title='bbox 260 1694 476 1783; x_wconf 73' lang='lat' dir='ltr'>intellegeret,</span> <span class='ocrx_word' id='word_1_58' title='bbox 500 1699 598 1780; x_wconf 80' lang='lat' dir='ltr'><strong>quom</strong></span> <span class='ocrx_word' id='word_1_59' title='bbox 620 1698 713 1761; x_wconf 86' lang='lat' dir='ltr'><strong>stetit</strong></span> <span class='ocrx_word' id='word_1_60' title='bbox 735 1696 813 1762; x_wconf 89' lang='lat' dir='ltr'><strong>oh&#39;m</strong></span> <span class='ocrx_word' id='word_1_61' title='bbox 835 1719 935 1785; x_wconf 89' lang='lat' dir='ltr'><strong>noua,</strong></span> 
     </span>
    </p>

    <p class='ocr_par' dir='ltr' id='par_1_9' title="bbox 99 1785 1110 2050">
     <span class='ocr_line' id='line_1_12' title="bbox 100 1785 1110 1871; baseline 0.005 -22"><span class='ocrx_word' id='word_1_62' title='bbox 100 1785 219 1850; x_wconf 78' lang='lat' dir='ltr'><strong>actoris</strong></span> <span class='ocrx_word' id='word_1_63' title='bbox 244 1807 340 1869; x_wconf 86' lang='lat' dir='ltr'><strong>opera</strong></span> <span class='ocrx_word' id='word_1_64' title='bbox 362 1785 466 1870; x_wconf 73' lang='lat' dir='ltr'><strong>magis</strong></span> <span class='ocrx_word' id='word_1_65' title='bbox 490 1785 619 1850; x_wconf 86' lang='lat' dir='ltr'><strong>stetisse</strong></span> <span class='ocrx_word' id='word_1_66' title='bbox 642 1787 739 1869; x_wconf 76' lang='lat' dir='ltr'><strong>quam</strong></span> <span class='ocrx_word' id='word_1_67' title='bbox 761 1807 833 1871; x_wconf 85' lang='lat' dir='ltr'><strong>sua,</strong></span> <span class='ocrx_word' id='word_1_68' title='bbox 1078 1806 1110 1854; x_wconf 87' lang='lat'><strong>10</strong></span> 
     </span>
     <span class='ocr_line' id='line_1_13' title="bbox 99 1873 1048 1960; baseline 0.002 -22"><span class='ocrx_word' id='word_1_69' title='bbox 99 1875 207 1938; x_wconf 89' lang='lat' dir='ltr'><strong>minus</strong></span> <span class='ocrx_word' id='word_1_70' title='bbox 230 1874 335 1940; x_wconf 81' lang='lat' dir='ltr'><strong>mdlto</strong></span> <span class='ocrx_word' id='word_1_71' title='bbox 358 1873 520 1959; x_wconf 79' lang='lat' dir='ltr'><strong>audacter,</strong></span> <span class='ocrx_word' id='word_1_72' title='bbox 543 1875 639 1958; x_wconf 71' lang='lat' dir='ltr'><strong>quam</strong></span> <span class='ocrx_word' id='word_1_73' title='bbox 660 1896 746 1939; x_wconf 89' lang='lat' dir='ltr'><strong>nuno</strong></span> <span class='ocrx_word' id='word_1_74' title='bbox 768 1875 879 1960; x_wconf 85' lang='lat' dir='ltr'><strong>laedit,</strong></span> <span class='ocrx_word' id='word_1_75' title='bbox 901 1876 1048 1941; x_wconf 73' lang='lat' dir='ltr'><strong>laederet.</strong></span> 
     </span>
     <span class='ocr_line' id='line_1_14' title="bbox 99 1961 969 2050; baseline 0.006 -25"><span class='ocrx_word' id='word_1_76' title='bbox 99 1983 185 2027; x_wconf 89' lang='lat' dir='ltr'><strong>nunc</strong></span> <span class='ocrx_word' id='word_1_77' title='bbox 208 1961 310 2046; x_wconf 86' lang='lat' dir='ltr'><strong>siquis</strong></span> <span class='ocrx_word' id='word_1_78' title='bbox 333 1967 396 2048; x_wconf 91' lang='lat' dir='ltr'><strong>est,</strong></span> <span class='ocrx_word' id='word_1_79' title='bbox 419 1963 476 2045; x_wconf 91' lang='lat' dir='ltr'><strong>qui</strong></span> <span class='ocrx_word' id='word_1_80' title='bbox 496 1961 559 2027; x_wconf 87' lang='lat' dir='ltr'><strong>hoc</strong></span> <span class='ocrx_word' id='word_1_81' title='bbox 581 1961 666 2028; x_wconf 88' lang='lat' dir='ltr'><strong>dicat</strong></span> <span class='ocrx_word' id='word_1_82' title='bbox 688 1967 745 2027; x_wconf 89' lang='lat' dir='ltr'><strong>aut</strong></span> <span class='ocrx_word' id='word_1_83' title='bbox 768 1963 815 2028; x_wconf 80' lang='lat' dir='ltr'><strong>sic</strong></span> <span class='ocrx_word' id='word_1_84' title='bbox 836 1965 969 2050; x_wconf 78' lang='lat' dir='ltr'><strong>cogitet:</strong></span> 
     </span>
    </p>

    <p class='ocr_par' dir='ltr' id='par_1_10' title="bbox 101 2049 792 2137">
     <span class='ocr_line' id='line_1_15' title="bbox 101 2049 792 2137; baseline 0.001 -23"><span class='ocrx_word' id='word_1_85' title='bbox 101 2051 207 2114; x_wconf 78' lang='lat' dir='ltr'><strong>‘uetus</strong></span> <span class='ocrx_word' id='word_1_86' title='bbox 230 2049 261 2115; x_wconf 88' lang='lat' dir='ltr'><strong>si</strong></span> <span class='ocrx_word' id='word_1_87' title='bbox 281 2054 377 2134; x_wconf 75' lang='lat' dir='ltr'><strong>posta</strong></span> <span class='ocrx_word' id='word_1_88' title='bbox 398 2053 465 2115; x_wconf 87' lang='lat' dir='ltr'><strong>n6n</strong></span> <span class='ocrx_word' id='word_1_89' title='bbox 487 2052 667 2116; x_wconf 74' lang='lat' dir='ltr'><strong>lacessisset</strong></span> <span class='ocrx_word' id='word_1_90' title='bbox 690 2052 792 2137; x_wconf 88' lang='lat' dir='ltr'><strong>prior,</strong></span> 
     </span>
    </p>

    <p class='ocr_par' dir='ltr' id='par_1_11' title="bbox 99 2137 1110 2469">
     <span class='ocr_line' id='line_1_16' title="bbox 99 2137 1109 2224; baseline 0.004 -22"><span class='ocrx_word' id='word_1_91' title='bbox 99 2139 225 2203; x_wconf 91' lang='lat' dir='ltr'><strong>nullum</strong></span> <span class='ocrx_word' id='word_1_92' title='bbox 248 2137 394 2203; x_wconf 89' lang='lat' dir='ltr'><strong>inuenire</strong></span> <span class='ocrx_word' id='word_1_93' title='bbox 416 2139 588 2224; x_wconf 81' lang='lat' dir='ltr'><strong>prologum</strong></span> <span class='ocrx_word' id='word_1_94' title='bbox 609 2143 720 2223; x_wconf 74' lang='lat' dir='ltr'><strong>posset</strong></span> <span class='ocrx_word' id='word_1_95' title='bbox 741 2140 875 2205; x_wconf 81' lang='lat' dir='ltr'><strong>nouosz&#39;</strong></span> <span class='ocrx_word' id='word_1_96' title='bbox 1078 2159 1109 2206; x_wconf 84' lang='lat'><strong>14</strong></span> 
     </span>
     <span class='ocr_line' id='line_1_17' title="bbox 99 2225 1110 2314; baseline 0.005 -24"><span class='ocrx_word' id='word_1_97' title='bbox 99 2228 129 2291; x_wconf 91' lang='lat' dir='ltr'><strong>is</strong></span> <span class='ocrx_word' id='word_1_98' title='bbox 153 2226 217 2291; x_wconf 76' lang='lat' dir='ltr'><strong>sssri</strong></span> <span class='ocrx_word' id='word_1_99' title='bbox 239 2249 430 2311; x_wconf 85' lang='lat' dir='ltr'><strong>responsum</strong></span> <span class='ocrx_word' id='word_1_100' title='bbox 451 2225 514 2291; x_wconf 87' lang='lat' dir='ltr'><strong>hoc</strong></span> <span class='ocrx_word' id='word_1_101' title='bbox 534 2226 666 2314; x_wconf 75' lang='lat' dir='ltr'><strong>habeat,</strong></span> <span class='ocrx_word' id='word_1_102' title='bbox 688 2228 723 2291; x_wconf 95' lang='lat' dir='ltr'><strong>in</strong></span> <span class='ocrx_word' id='word_1_103' title='bbox 744 2229 848 2293; x_wconf 90' lang='lat' dir='ltr'><strong>medio</strong></span> <span class='ocrx_word' id='word_1_104' title='bbox 872 2229 1022 2293; x_wconf 79' lang='lat' dir='ltr'><strong>omnibus</strong></span> <span class='ocrx_word' id='word_1_105' title='bbox 1078 2247 1110 2296; x_wconf 80' lang='lat'><strong>16</strong></span> 
     </span>
     <span class='ocr_line' id='line_1_18' title="bbox 100 2315 1059 2401; baseline 0.002 -21"><span class='ocrx_word' id='word_1_106' title='bbox 100 2317 240 2399; x_wconf 89' lang='lat' dir='ltr'><strong>palmam</strong></span> <span class='ocrx_word' id='word_1_107' title='bbox 262 2317 332 2391; x_wconf 70' lang='lat' dir='ltr'><strong>esse</strong></span> <span class='ocrx_word' id='word_1_108' title='bbox 354 2316 508 2401; x_wconf 77' lang='lat' dir='ltr'><strong>positam,</strong></span> <span class='ocrx_word' id='word_1_109' title='bbox 531 2315 587 2398; x_wconf 93' lang='lat' dir='ltr'><strong>qui</strong></span> <span class='ocrx_word' id='word_1_110' title='bbox 610 2316 712 2381; x_wconf 74' lang='lat' dir='ltr'><strong>artem</strong></span> <span class='ocrx_word' id='word_1_111' title='bbox 733 2319 875 2380; x_wconf 82' lang='lat' dir='ltr'><strong>tractant</strong></span> <span class='ocrx_word' id='word_1_112' title='bbox 896 2318 1059 2382; x_wconf 79' lang='lat' dir='ltr'><strong>musicam.</strong></span> 
     </span>
     <span class='ocr_line' id='line_1_19' title="bbox 100 2403 933 2469; baseline 0 0"><span class='ocrx_word' id='word_1_113' title='bbox 100 2405 156 2469; x_wconf 86' lang='lat' dir='ltr'><strong>ille</strong></span> <span class='ocrx_word' id='word_1_114' title='bbox 177 2404 217 2468; x_wconf 75' lang='lat' dir='ltr'><strong>sd</strong></span> <span class='ocrx_word' id='word_1_115' title='bbox 238 2403 356 2468; x_wconf 81' lang='lat' dir='ltr'><strong>famem</strong></span> <span class='ocrx_word' id='word_1_116' title='bbox 376 2403 463 2468; x_wconf 88' lang='lat' dir='ltr'><strong>hunc</strong></span> <span class='ocrx_word' id='word_1_117' title='bbox 485 2427 504 2468; x_wconf 84' lang='lat' dir='ltr'><strong>a</strong></span> <span class='ocrx_word' id='word_1_118' title='bbox 526 2403 634 2468; x_wconf 78' lang='lat' dir='ltr'><strong>studio</strong></span> <span class='ocrx_word' id='word_1_119' title='bbox 657 2403 781 2468; x_wconf 75' lang='lat' dir='ltr'><strong>studuit</strong></span> <span class='ocrx_word' id='word_1_120' title='bbox 802 2407 933 2469; x_wconf 66' lang='lat' dir='ltr'><strong>reicere:</strong></span> 
     </span>
    </p>

    <p class='ocr_par' dir='ltr' id='par_1_12' title="bbox 100 2491 778 2576">
     <span class='ocr_line' id='line_1_20' title="bbox 100 2491 778 2576; baseline 0 -20"><span class='ocrx_word' id='word_1_121' title='bbox 100 2493 154 2557; x_wconf 88' lang='lat' dir='ltr'><strong>hic</strong></span> <span class='ocrx_word' id='word_1_122' title='bbox 174 2492 366 2574; x_wconf 89' lang='lat' dir='ltr'><strong>re&#39;spondere</strong></span> <span class='ocrx_word' id='word_1_123' title='bbox 388 2491 507 2576; x_wconf 77' lang='lat' dir='ltr'><strong>uoluit,</strong></span> <span class='ocrx_word' id='word_1_124' title='bbox 529 2513 596 2555; x_wconf 93' lang='lat' dir='ltr'><strong>non</strong></span> <span class='ocrx_word' id='word_1_125' title='bbox 617 2493 778 2556; x_wconf 73' lang='lat' dir='ltr'><strong>lacessere.</strong></span> 
     </span>
    </p>

    <p class='ocr_par' dir='ltr' id='par_1_13' title="bbox 101 2578 1108 2754">
     <span class='ocr_line' id='line_1_21' title="bbox 101 2578 1108 2663; baseline 0.003 -19"><span class='ocrx_word' id='word_1_126' title='bbox 101 2578 275 2644; x_wconf 83' lang='lat' dir='ltr'><strong>benedictis</strong></span> <span class='ocrx_word' id='word_1_127' title='bbox 299 2580 327 2644; x_wconf 90' lang='lat' dir='ltr'><strong>si</strong></span> <span class='ocrx_word' id='word_1_128' title='bbox 349 2582 516 2663; x_wconf 78' lang='lat' dir='ltr'><strong>certasset,</strong></span> <span class='ocrx_word' id='word_1_129' title='bbox 539 2578 680 2644; x_wconf 75' lang='lat' dir='ltr'><strong>audisset</strong></span> <span class='ocrx_word' id='word_1_130' title='bbox 702 2579 794 2644; x_wconf 90' lang='lat' dir='ltr'><strong>bene:</strong></span> <span class='ocrx_word' id='word_1_131' title='bbox 1075 2600 1108 2648; x_wconf 80' lang='lat' dir='ltr'><strong>‘ro</strong></span> 
     </span>
     <span class='ocr_line' id='line_1_22' title="bbox 102 2665 978 2754; baseline 0.002 -22"><span class='ocrx_word' id='word_1_132' title='bbox 102 2668 187 2751; x_wconf 89' lang='lat' dir='ltr'><strong>quod</strong></span> <span class='ocrx_word' id='word_1_133' title='bbox 210 2668 250 2733; x_wconf 89' lang='lat' dir='ltr'><strong>ab</strong></span> <span class='ocrx_word' id='word_1_134' title='bbox 273 2668 331 2733; x_wconf 86' lang='lat' dir='ltr'><strong>illo</strong></span> <span class='ocrx_word' id='word_1_135' title='bbox 355 2668 542 2752; x_wconf 87' lang='lat' dir='ltr'><strong>adlatumst,</strong></span> <span class='ocrx_word' id='word_1_136' title='bbox 564 2665 598 2730; x_wconf 88' lang='lat' dir='ltr'><strong>id</strong></span> <span class='ocrx_word' id='word_1_137' title='bbox 621 2668 684 2732; x_wconf 89' lang='lat' dir='ltr'><strong>sibi</strong></span> <span class='ocrx_word' id='word_1_138' title='bbox 706 2669 856 2733; x_wconf 78' lang='lat' dir='ltr'><strong>rellatum</strong></span> <span class='ocrx_word' id='word_1_139' title='bbox 877 2673 978 2754; x_wconf 90' lang='lat' dir='ltr'><strong>putet.</strong></span> 
     </span>
    </p>

    <p class='ocr_par' dir='ltr' id='par_1_14' title="bbox 101 2754 826 2842">
     <span class='ocr_line' id='line_1_23' title="bbox 101 2754 826 2842; baseline 0 -22"><span class='ocrx_word' id='word_1_140' title='bbox 101 2758 139 2820; x_wconf 94' lang='lat' dir='ltr'><strong>de</strong></span> <span class='ocrx_word' id='word_1_141' title='bbox 160 2756 218 2819; x_wconf 84' lang='lat' dir='ltr'><strong>illd</strong></span> <span class='ocrx_word' id='word_1_142' title='bbox 241 2756 306 2820; x_wconf 87' lang='lat' dir='ltr'><strong>iam</strong></span> <span class='ocrx_word' id='word_1_143' title='bbox 327 2756 425 2821; x_wconf 87' lang='lat' dir='ltr'><strong>finem</strong></span> <span class='ocrx_word' id='word_1_144' title='bbox 446 2756 561 2821; x_wconf 74' lang='lat' dir='ltr'><strong>fdciam</strong></span> <span class='ocrx_word' id='word_1_145' title='bbox 583 2754 713 2821; x_wconf 90' lang='lat' dir='ltr'><strong>dicundi</strong></span> <span class='ocrx_word' id='word_1_146' title='bbox 732 2756 826 2842; x_wconf 91' lang='lat' dir='ltr'><strong>mihi,</strong></span> 
     </span>
    </p>

    <p class='ocr_par' dir='ltr' id='par_1_15' title="bbox 101 2844 897 2929">
     <span class='ocr_line' id='line_1_24' title="bbox 101 2844 897 2929; baseline 0.001 -21"><span class='ocrx_word' id='word_1_147' title='bbox 101 2844 250 2928; x_wconf 74' lang='lat' dir='ltr'><strong>peccandi</strong></span> <span class='ocrx_word' id='word_1_148' title='bbox 272 2865 371 2928; x_wconf 92' lang='lat' dir='ltr'><strong>quom</strong></span> <span class='ocrx_word' id='word_1_149' title='bbox 391 2845 461 2929; x_wconf 90' lang='lat' dir='ltr'><strong>ipse</strong></span> <span class='ocrx_word' id='word_1_150' title='bbox 484 2845 522 2909; x_wconf 77' lang='lat' dir='ltr'><strong>de</strong></span> <span class='ocrx_word' id='word_1_151' title='bbox 540 2867 574 2909; x_wconf 91' lang='lat' dir='ltr'><strong>se</strong></span> <span class='ocrx_word' id='word_1_152' title='bbox 596 2845 692 2909; x_wconf 90' lang='lat' dir='ltr'><strong>finem</strong></span> <span class='ocrx_word' id='word_1_153' title='bbox 710 2847 777 2910; x_wconf 83' lang='lat' dir='ltr'><strong>ndn</strong></span> <span class='ocrx_word' id='word_1_154' title='bbox 798 2845 897 2909; x_wconf 84' lang='lat' dir='ltr'><strong>facit?</strong></span> 
     </span>
    </p>

    <p class='ocr_par' dir='ltr' id='par_1_16' title="bbox 100 2930 1109 3196">
     <span class='ocr_line' id='line_1_25' title="bbox 100 2930 1075 3017; baseline 0.005 -21"><span class='ocrx_word' id='word_1_155' title='bbox 100 2953 185 2997; x_wconf 89' lang='lat' dir='ltr'><strong>nunc</strong></span> <span class='ocrx_word' id='word_1_156' title='bbox 207 2930 285 3016; x_wconf 83' lang='lat' dir='ltr'><strong>quid</strong></span> <span class='ocrx_word' id='word_1_157' title='bbox 307 2933 404 2997; x_wconf 86' lang='lat' dir='ltr'><strong>uelim</strong></span> <span class='ocrx_word' id='word_1_158' title='bbox 427 2932 570 2998; x_wconf 83' lang='lat' dir='ltr'><strong>animum</strong></span> <span class='ocrx_word' id='word_1_159' title='bbox 593 2933 756 2997; x_wconf 73' lang='lat' dir='ltr'><strong>attendite.</strong></span> <span class='ocrx_word' id='word_1_160' title='bbox 798 2933 933 3017; x_wconf 76' lang='lat' dir='ltr'><strong>adporto</strong></span> <span class='ocrx_word' id='word_1_161' title='bbox 955 2957 1075 3000; x_wconf 87' lang='lat' dir='ltr'><strong>nouam</strong></span> 
     </span>
     <span class='ocr_line' id='line_1_26' title="bbox 101 3019 1109 3104; baseline 0.007 -20"><span class='ocrx_word' id='word_1_162' title='bbox 101 3019 392 3104; x_wconf 82' lang='lat' dir='ltr'><strong>Epidicazomenon</strong></span> <span class='ocrx_word' id='word_1_163' title='bbox 415 3022 511 3104; x_wconf 69' lang='lat' dir='ltr'><strong>quim</strong></span> <span class='ocrx_word' id='word_1_164' title='bbox 532 3026 650 3086; x_wconf 85' lang='lat' dir='ltr'><strong>uocant</strong></span> <span class='ocrx_word' id='word_1_165' title='bbox 673 3021 869 3086; x_wconf 71' lang='lat' dir='ltr'><strong>comoediam</strong></span> <span class='ocrx_word' id='word_1_166' title='bbox 1075 3041 1109 3092; x_wconf 74' lang='lat'><strong>25</strong></span> 
     </span>
     <span class='ocr_line' id='line_1_27' title="bbox 102 3106 866 3196; baseline -0.001 -22"><span class='ocrx_word' id='word_1_167' title='bbox 102 3106 227 3195; x_wconf 83' lang='lat' dir='ltr'><strong>Graeci,</strong></span> <span class='ocrx_word' id='word_1_168' title='bbox 248 3107 364 3175; x_wconf 85' lang='lat' dir='ltr'><strong>Latine</strong></span> <span class='ocrx_word' id='word_1_169' title='bbox 385 3109 435 3174; x_wconf 72' lang='lat' dir='ltr'><strong>ore</strong></span> <span class='ocrx_word' id='word_1_170' title='bbox 456 3107 683 3174; x_wconf 77' lang='lat' dir='ltr'><strong>Phormionem</strong></span> <span class='ocrx_word' id='word_1_171' title='bbox 705 3110 866 3196; x_wconf 80' lang='lat' dir='ltr'><strong>nominat,</strong></span> 
     </span>
    </p>
   </div>
   <div class='ocr_carea' id='block_1_4' title="bbox 170 3281 1109 3360">
    <p class='ocr_par' dir='ltr' id='par_1_17' title="bbox 170 3281 1109 3360">
     <span class='ocr_line' id='line_1_28' title="bbox 170 3281 1109 3360; baseline 0.004 -24"><span class='ocrx_word' id='word_1_172' title='bbox 170 3299 254 3352; x_wconf 85' lang='lat' dir='ltr'><strong>quem</strong></span> <span class='ocrx_word' id='word_1_173' title='bbox 273 3282 380 3337; x_wconf 86' lang='lat' dir='ltr'><strong>diceret</strong></span> <span class='ocrx_word' id='word_1_174' title='bbox 398 3281 453 3360; x_wconf 84' lang='lat' dir='ltr'><strong>nisi</strong></span> <span class='ocrx_word' id='word_1_175' title='bbox 471 3281 590 3336; x_wconf 88' lang='lat' dir='ltr'><strong>haberet</strong></span> <span class='ocrx_word' id='word_1_176' title='bbox 608 3281 654 3336; x_wconf 85' lang='lat' dir='ltr'><strong>cui</strong></span> <span class='ocrx_word' id='word_1_177' title='bbox 671 3282 746 3337; x_wconf 86' lang='lat' dir='ltr'><strong>male</strong></span> <span class='ocrx_word' id='word_1_178' title='bbox 765 3282 872 3339; x_wconf 86' lang='lat' dir='ltr'><strong>dicaret</strong></span> <span class='ocrx_word' id='word_1_179' title='bbox 1076 3292 1109 3340; x_wconf 78' lang='lat' dir='ltr'><strong>lt</strong></span> 
     </span>
    </p>
   </div>
   <div class='ocr_carea' id='block_1_5' title="bbox 101 3440 1108 3585">
    <p class='ocr_par' dir='ltr' id='par_1_18' title="bbox 101 3440 1108 3585">
     <span class='ocr_line' id='line_1_29' title="bbox 170 3440 1108 3524; baseline 0.003 -29"><span class='ocrx_word' id='word_1_180' title='bbox 170 3447 186 3495; x_wconf 83' lang='lat'>4</span> <span class='ocrx_word' id='word_1_181' title='bbox 197 3445 263 3496; x_wconf 87' lang='lat' dir='ltr'><strong>ante</strong></span> <span class='ocrx_word' id='word_1_182' title='bbox 272 3441 331 3514; x_wconf 90' lang='lat' dir='ltr'><strong>hic]</strong></span> <span class='ocrx_word' id='word_1_183' title='bbox 342 3440 463 3496; x_wconf 84' lang='lat' dir='ltr'><strong>antehac</strong></span> <span class='ocrx_word' id='word_1_184' title='bbox 473 3443 559 3511; x_wconf 83' lang='lat' dir='ltr'><strong>(ante)</strong></span> <span class='ocrx_word' id='word_1_185' title='bbox 574 3444 583 3513; x_wconf 82' lang='grc' dir='ltr'><strong>ΙΙ</strong></span> <span class='ocrx_word' id='word_1_186' title='bbox 598 3447 631 3495; x_wconf 84' lang='grc'><strong>14</strong></span> <span class='ocrx_word' id='word_1_187' title='bbox 640 3441 780 3524; x_wconf 83' lang='lat' dir='ltr'><strong>potuisset</strong></span> <span class='ocrx_word' id='word_1_188' title='bbox 793 3445 802 3514; x_wconf 82' lang='grc'><strong>[1</strong></span> <span class='ocrx_word' id='word_1_189' title='bbox 816 3449 849 3497; x_wconf 81' lang='lat'><strong>21</strong></span> <span class='ocrx_word' id='word_1_190' title='bbox 859 3457 1108 3499; x_wconf 73' lang='lat' dir='ltr'><strong>rnsmrnssnsnnu</strong></span> 
     </span>
     <span class='ocr_line' id='line_1_30' title="bbox 101 3511 1080 3585; baseline 0.003 -19"><span class='ocrx_word' id='word_1_191' title='bbox 101 3511 231 3580; x_wconf 80' lang='lat' dir='ltr'><strong>uon(sibi</strong></span> <span class='ocrx_word' id='word_1_192' title='bbox 250 3529 310 3568; x_wconf 84' lang='lat' dir='ltr'><strong>essa</strong></span> <span class='ocrx_word' id='word_1_193' title='bbox 329 3513 360 3566; x_wconf 86' lang='lat' dir='ltr'><strong>id</strong></span> <span class='ocrx_word' id='word_1_194' title='bbox 377 3511 509 3582; x_wconf 87' lang='lat' dir='ltr'><strong>relatum)</strong></span> <span class='ocrx_word' id='word_1_195' title='bbox 523 3517 532 3581; x_wconf 83' lang='grc' dir='ltr'><strong>ΙΙ</strong></span> <span class='ocrx_word' id='word_1_196' title='bbox 546 3518 580 3566; x_wconf 77' lang='lat'><strong>26</strong></span> <span class='ocrx_word' id='word_1_197' title='bbox 598 3511 682 3567; x_wconf 86' lang='lat' dir='ltr'><strong>latmi</strong></span> <span class='ocrx_word' id='word_1_198' title='bbox 697 3513 891 3583; x_wconf 85' lang='lat' dir='ltr'><strong>phormionem</strong></span> <span class='ocrx_word' id='word_1_199' title='bbox 910 3513 1080 3585; x_wconf 68' lang='lat' dir='ltr'><strong>nominantn</strong></span> 
     </span>
    </p>
   </div>
   <div class='ocr_carea' id='block_1_6' title="bbox 843 3603 896 3655">
    <p class='ocr_par' dir='ltr' id='par_1_19' title="bbox 843 3603 896 3655">
     <span class='ocr_line' id='line_1_31' title="bbox 843 3603 896 3655; baseline 0 0"><span class='ocrx_word' id='word_1_200' title='bbox 843 3603 896 3655; x_wconf 71' lang='grc' dir='ltr'><strong>11*Ι</strong></span> 
     </span>
    </p>
   </div>
   <div class='ocr_carea' id='block_1_7' title="bbox 0 0 1355 4156">
    <p class='ocr_par' dir='ltr' id='par_1_20' title="bbox 0 0 1355 4156">
     <span class='ocr_line' id='line_1_32' title="bbox 0 0 1355 4156; baseline 0 0"><span class='ocrx_word' id='word_1_201' title='bbox 0 0 1355 4156; x_wconf 95' lang='lat' dir='ltr'><strong> </strong></span> 
     </span>
    </p>
   </div>
  </div>
 </body>
</html>
