2708 4152
184 225 250 288 272
595 225 791 280 ADELPHOE
993 227 1020 280 Η
1034 231 1059 294 e,
1075 232 1153 296 7-4,
1169 231 1206 281 ιο

184 383 460 471 SY.00tesiph0.
480 384 679 471 OT.OSyre,
687 385 868 452 Aeschinus
879 388 990 452 ubist?
1010 367 1205 472 SYJiflum,

611 480 644 540 te
658 477 824 559 exspectit
837 475 932 542 domi.
956 475 1018 542 OT.
1033 475 1125 542 Hem.
1149 493 1203 542 260

184 561 246 628 SY.
271 561 354 638 Quid
373 564 444 628 est?
481 561 543 628 OT.
568 561 652 640 Quid
670 563 736 628 ait?
769 585 866 648 opera
883 563 983 650 illius,
1006 565 1095 650 Syre,
1116 586 1202 628 nune

611 649 703 716 uiuo:
726 651 879 717 festiudm
903 657 1015 740 caput,

120 736 126 796 ’.
184 739 241 823 qui
267 760 359 822 quom
387 739 492 804 timuis
519 759 569 804 ree
596 740 661 849 siti
687 742 763 824 p6st
789 742 914 825 putarit
938 744 1008 808 e'sse
1030 763 1107 826 prae
1129 763 1197 806 meo

144 934 170 974 ιο
183 913 368 1001 maledicta,
395 915 528 1000 famam,
555 828 832 1026 meiiffliiiim
861 921 893 981 et
920 920 1087 1002 peecatum
1109 917 1144 982 in
1166 939 1198 982 sa

182 1091 231 1156 nil
263 1094 340 1176 p6te
367 1114 473 1177 supra.
519 1092 575 1158 sed
603 1005 793 1177 ddidsildiits’
814 1093 960 1177 crepuit?
1007 1093 1069 1160 sY.
1097 1093 1198 1180 Mane,

230 1223 247 1260 .,
610 1203 716 1246 mane:
739 1182 809 1266 ipse
832 1179 899 1246 exit
921 1182 1018 1246 foras.

611 1377 772 1386 ——-—---

97 1601 99 1606 ,
214 1526 461 1582 Auscflmvs
498 1525 709 1582 cuusn’no
791 1527 932 1583 SYRVS
1012 1527 1174 1584 sumo

260 1619 545 1676 ADVLESCENTES
567 1617 642 1673 DVO
790 1619 929 1676 SERVOS
1047 1620 1145 1702 Lutto

112 1751 169 1806 114
182 1744 328 1810 Auvbi
338 1748 388 1810 est
397 1745 453 1810 iile
462 1745 660 1830 sacrilegus?
679 1743 741 1810 SA.
751 1745 805 1810 Me
814 1747 948 1830 quaerit.
966 1748 1198 1833 numquidnam

609 1833 729 1898 ecfert?
762 1834 876 1899 decidi:
1145 1855 1198 1904 265

181 1922 229 1986 nil
261 1919 364 1987 uideo.
415 1920 484 1986 ΑΕ.
517 1921 622 1986 Ehem
649 1925 843 2006 opportune:
875 1926 908 1987 te
935 1923 1043 2007 ipsum
1070 1928 1198 2010 quaero.

609 2009 687 2093 quid
708 2011 763 2095 fit,
784 2009 961 2094 Ctesipho?

181 2098 216 2162 in
239 2101 346 2162 tutost
370 2097 474 2162 omnis
497 2099 562 2162 res:
586 2098 701 2163 omitte
723 2100 800 2163 uero
823 2099 991 2164 tristitiem
1014 2104 1113 2166 tuam.

183 2184 244 2251 OT.
262 2185 335 2271 Ego
350 2185 440 2251 illam
452 2185 559 2252 hercle
573 2186 665 2250 facile
680 2184 807 2272 omitto,
821 2188 1007 2272 quiquidem
1020 2193 1054 2255 te
1061 2189 1198 2256 hdbeam

608 2275 754 2340 fratrem:
778 2297 797 2340 ο
820 2276 866 2340 mi
888 2275 1061 2364 Aeschine,

154 2380 201 2428 ⁶0
233 2362 283 2428 mi
311 2365 475 2447 germane!
524 2361 566 2428 ah
597 2365 711 2428 ue'reor
743 2385 851 2428 coram
882 2365 918 2429 in
944 2367 981 2430 es
1008 2370 1041 2430 te
1068 2366 1198 2432 laudare

608 2451 762 2537 implius,

180 2560 221 2603 ne
252 2539 286 2604 id
318 2539 505 2604 adsentandi
536 2540 641 2624 magis
674 2562 771 2624 quam
803 2563 867 2625 quo
898 2540 1036 2606 habeam
1068 2545 1197 2629 gra‘tum

415 2632 418 2638 ’
607 2629 710 2694 faeere
734 2627 916 2694 existumas.
1144 2650 1196 2699 270

180 2715 249 2780 ΑΕ.
281 2713 353 2800 Age
380 2714 502 2802 inepte,
529 2716 622 2800 quasi
648 2739 734 2781 nunc
759 2719 827 2782 min
852 2719 998 2783 norimus
1025 2721 1085 2784 nde
1111 2720 1197 2786 inter

605 2825 680 2890 nes,
703 2802 866 2889 Ctesipho.

180 2892 236 2956 sed
257 2890 320 2956 hoe
342 2889 424 2955 mssii
447 2890 543 2977 dolet,
565 2913 625 2957 nos
649 2895 720 2959 sero
743 2894 878 2958 rescisse
901 2896 933 2959 et
955 2917 1021 2960 rem
1043 2919 1143 2981 paene
1161 2898 1196 2962 in

605 2985 678 3045 edm
700 2981 807 3046 locum

179 3064 309 3153 redisse,
327 3071 364 3131 ut
384 3067 412 3131 si
427 3089 536 3132 omnes
552 3072 704 3151 cuperent
718 3070 779 3135 tibi
792 3070 840 3134 nil
854 3073 987 3155 p6ssent
1002 3072 1194 3140 auxilidrier.

140 3175 166 3214 ιο
180 3154 241 3221 OT.
269 3154 422 3220 Pudebat.
468 3155 537 3220 ΑΕ.
565 3155 632 3242 Ah,
661 3158 832 3222 stultitiast
855 3159 968 3245 istaec,
988 3162 1057 3225 ndu
1078 3161 1194 3245 pudor:

606 3248 673 3309 tam
696 3246 738 3311 ob
760 3247 928 3331 pairuolam

250 3437 301 3487 uel
325 3431 404 3488 illius
423 3451 509 3505 opera
522 3437 532 3506 ΙΙ
546 3441 597 3490 262
619 3435 667 3504 qui
686 3436 774 3506 (quia)
793 3437 889 3492 omnia
907 3437 963 3492 sibi
981 3442 1194 3508 (emesenum-

179 3507 242 3574 mm)
261 3506 326 3575 post
343 3504 452 3575 putarit
465 3509 474 3577 ΙΙ
489 3512 541 3560 264
559 3505 640 3580 quid]
660 3507 796 3576 quidnam
810 3511 819 3576 ΙΙ
833 3513 885 3561 268
904 3507 985 3562 illam
1001 3508 1085 3564 facile
1099 3509 1194 3566 hercle

178 3591 246 3629 uero
265 3574 355 3640 (illam
373 3575 458 3632 facile
476 3581 554 3646 uero)
572 3585 581 3646 n
600 3583 651 3632 272
668 3595 721 3632 nos
738 3595 829 3650 paene
848 3595 910 3634 sero
929 3579 1015 3636 scisse
1034 3583 1064 3636 et
1075 3597 1166 3652 paene
1184 3583 1197 3655 ΙΙ
