2734 4140
257 172 323 226 VIII
359 172 388 228 C.
403 170 561 228 SVETONI
580 171 805 238 TRANQVILLI
823 172 910 228 VITA
923 174 940 228 P
954 178 1136 255 Ibltblilllllll

257 339 423 398 triclinium
447 339 556 400 dixisse
579 357 639 399 non
662 357 750 415 saepe
774 339 805 398 in
829 339 966 402 scribendo
982 353 1051 428 magis
1067 359 1109 420 sibi
1124 382 1170 426 sue.

257 428 390 487 cessisse:
424 426 529 488 deinde
557 429 697 504 rogatum
725 429 762 486 ut
789 427 902 506 scripta
927 428 970 489 illa
989 441 1104 524 proterret,
1126 471 1174 526 pm.

257 515 412 576 nuntiasse
434 534 541 575 uersus
564 516 618 592 qui
641 514 768 575 suntin
794 515 935 576 Heauton
953 518 1109 592 timeremus:

304 639 384 699 Satis
403 638 455 715 pol
472 640 614 714 proterue
633 658 681 699 me
701 639 770 715 Syri
789 638 936 714 promissa
952 638 998 702 huc
1011 617 1155 719 induxerunt.

259 763 368 822 Santra
391 762 565 823 Terentium
594 762 759 839 existimat,
788 761 813 821 si
841 760 929 821 modo
945 763 980 830 ¹iu
997 771 1113 836 scribendo
1131 782 1196 842 odiu-

258 851 375 910 toribus
393 850 566 929 indiguerit,
585 869 645 910 non
663 853 727 909 tam
743 849 880 927 Scipione
899 852 930 908 et
943 849 1029 914 Laelio
1042 861 1195 938 ulipotulssa

259 940 312 1016 qui
338 940 412 999 tunc
440 939 657 999 adulescentuli
683 939 810 1016 fuemnt,
843 957 934 1015 quam
961 937 990 998 Ο.
1005 942 1110 1021 Sulpicio
1130 918 1209 1035 (lello,

258 1026 377 1087 homine
400 1028 501 1103 docto,
530 1047 590 1104 quo
613 1028 736 1087 consule
759 1023 1015 1104 <Megalens>ibus
1031 1032 1096 1094 ludis
1113 1038 1214 1103 initium

259 1116 431 1175 fabularum
462 1116 629 1175 dandarum
661 1115 778 1192 fecerit,
809 1115 861 1174 uel
893 1114 925 1185 Q.
948 1114 1032 1176 Fabio
1053 1121 1167 1187 Labeone
1193 1135 1219 1189 et

258 1204 298 1281 M.
316 1197 455 1282 Popillio,
479 1204 630 1264 consulari
653 1207 783 1281 utroque
807 1221 843 1262 ac
865 1204 964 1281 poeta.
995 1204 1052 1266 ideo
1070 1210 1155 1285 ipsum
1173 1235 1224 1277 non

259 1293 384 1354 iuuenes
403 1292 573 1371 designare
606 1293 658 1369 qui
692 1309 723 1351 se
751 1291 895 1351 adiuuare
924 1290 1064 1374 dicantur,
1091 1300 1136 1359 sed
1157 1303 1229 1364 uiros

260 1400 388 1458 quorum
422 1399 545 1456 operam
577 1383 608 1440 et
639 1380 671 1438 in
703 1380 781 1440 bello
814 1382 845 1439 et
876 1379 908 1438 in
940 1380 1001 1439 otio
1028 1384 1055 1441 ct
1077 1384 1105 1444 in
1127 1391 1233 1467 negotio

259 1469 389 1546 populus
424 1470 465 1528 sit
496 1471 643 1545 expertus.
694 1471 764 1545 post
796 1467 893 1528 editas
924 1469 1094 1547 comoedias,
1121 1477 1239 1536 nondum

261 1558 401 1635 quintum
424 1559 516 1633 atque
538 1556 716 1616 uicesimum
740 1557 892 1635 ingressus
914 1575 1034 1634 annum,
1055 1577 1136 1620 causa
1152 1563 1242 1624 uitan-

136 1696 144 1704 .
259 1646 315 1706 dae
342 1645 491 1722 opinionis
519 1664 581 1723 qua
607 1645 770 1705 uidebatur
794 1645 893 1704 aliena
920 1664 975 1721 pro
1003 1646 1063 1706 suls
1083 1649 1174 1728 edere,
1199 1670 1249 1712 seu

259 1732 442 1811 percipiendi
457 1733 640 1794 Graecorum
658 1734 800 1793 instituta
813 1751 969 1811 moresque
984 1752 1058 1810 quos
1070 1754 1126 1795 non
1137 1737 1253 1814 perinde
1353 1779 1356 1814 p

260 1822 438 1899 exprimeret
464 1821 496 1881 in
523 1821 655 1900 scriptis,
683 1839 819 1898 egressus
846 1821 918 1881 urbe
947 1823 993 1881 est
1019 1841 1120 1899 neque.
1133 1826 1258 1901 amplius

259 1910 356 1971 rediit.
398 1910 433 1971 de
456 1912 552 1970 morte
576 1910 641 1970 eius
662 1910 821 1971 Volcatius
844 1909 886 1969 sic
908 1909 1014 1970 tradit:

349 2033 407 2094 Sed
429 2033 466 2092 ut
487 2034 562 2093 Afer
583 2034 695 2110 populo
719 2052 769 2093 sex
793 2033 876 2092 dedit
897 2034 1078 2112 comoedias,

349 2123 407 2182 iter
428 2121 498 2181 hinc
520 2122 553 2180 in
575 2121 680 2181 Asiam
703 2121 782 2183 fecit.
818 2122 856 2180 ut
877 2140 987 2182 nauem
1010 2123 1102 2182 semel

348 2210 531 2287 conscendit,
554 2209 640 2270 uisus
662 2228 829 2287 numquam
853 2212 911 2270 est:
935 2209 977 2271 sic
999 2210 1066 2270 uita
1088 2212 1191 2274 uacat.

260 2332 476 2404 uaesaniae
502 2333 676 2394 redeuntem
706 2351 722 2394 e
746 2333 872 2394 Graecia
898 2333 1010 2412 perisse
1038 2334 1071 2394 in
1098 2334 1180 2394 mari
1204 2332 1286 2392 dicit

260 2441 328 2482 cum
354 2421 466 2482 fabulis
493 2421 645 2483 conuersis
668 2441 687 2482 a
709 2422 887 2483 Menandro:
916 2423 1007 2482 ceteri
1029 2425 1192 2482 mortuum
1218 2437 1288 2480 esse

259 2511 292 2569 in
318 2511 448 2570 Arcadia
477 2511 541 2570 siue
568 2510 736 2570 Leucadiae
763 2511 904 2588 tradunt,
937 2509 988 2571 Cn.
1013 2510 1156 2571 Cornelio
1186 2508 1292 2568 Dola·

259 2598 339 2658 bella
365 2599 404 2658 M.
425 2599 535 2659 Fuluio
563 2598 717 2659 Nobiliore
745 2598 931 2675 consulibus,
958 2598 1061 2660 m'orbo
1089 2597 1297 2676 implicitum

260 2706 296 2746 ex
322 2687 423 2748 dolore
446 2705 481 2746 ac
503 2687 604 2747 taedio
628 2687 807 2746 amissarum
831 2687 1016 2747 sarcinarum
1040 2706 1116 2765 quas
1142 2687 1180 2748 in
1206 2700 1301 2743 naue

259 2775 468 2853 praemiserat,
505 2793 540 2835 ac
576 2775 667 2834 simul
703 2775 877 2835 fabularum
913 2794 989 2853 quas
1022 2793 1120 2837 nouas
1155 2771 1303 2835 fecerat.

259 2864 353 2924 fuisse
386 2863 497 2923 dicitur
526 2863 670 2923 mediocri
702 2865 833 2942 statura,
866 2864 973 2942 gracili
1004 2883 1142 2943 corpore,
1181 2860 1308 2922 colore

259 2953 352 3012 fusco.
398 2952 523 3029 reliquit
548 2952 655 3030 filiam,
685 2971 763 3029 quae
785 2953 855 3029 post
877 2952 974 3029 equiti
996 2952 1133 3014 Romano
1159 2946 1310 3026 nupsit:

259 3041 333 3100 item
363 3040 501 3100 liortulos
532 3058 574 3099 xx
600 3040 741 3118 iugerum
770 3040 824 3100 uia
851 3040 953 3117 Appia
984 3039 1023 3100 ad
1050 3042 1171 3101 Martis.
1232 3051 1313 3112 quo

259 3128 356 3207 magis
387 3128 480 3189 miror
506 3128 646 3188 Porcium
674 3128 814 3189 scribere:
847 3123 960 3205 ‘Scipio
987 3129 1064 3188 nihil
1092 3131 1119 3190 ei
1147 3122 1317 3208 profuit,

259 3217 335 3276 nihil
356 3216 490 3296 Laelius,
522 3216 598 3276 nihil
620 3216 743 3278 Furius:
772 3237 875 3278 eorum
899 3217 952 3290 ille
976 3235 1067 3296 opera
1089 3238 1126 3280 ne
1151 3217 1320 3277 domum

259 3305 380 3382 quidem
418 3305 527 3364 habult
562 3297 806 3366 conducticiam'.
859 3303 940 3365 bunc
971 3305 1118 3367 Afranius
1151 3301 1320 3383 quidem

259 3393 397 3454 omnibus
420 3393 541 3454 comicis
563 3395 704 3472 praefert,
728 3393 858 3454 scribens
880 3393 913 3452 in
937 3392 1176 3471 Compitalibus:

405 3517 526 3577 Terenti
549 3536 609 3578 non
632 3515 817 3577 consimilem
840 3516 921 3578 dicas
945 3518 1124 3596 quempiam.
