2698 4156
103 227 170 296 113,
184 233 290 280 41-66
519 227 716 283 EVchHVS
1057 228 1117 291 121

101 387 168 452 nisi
189 392 285 473 nune,
308 408 415 472 quom·
429 387 571 452 minume
589 388 707 453 uellem
723 389 929 474 minumeque
948 390 1030 473 ‹ipus
1048 389 1140 456 fuit..

102 475 164 541 eho
170 529 180 563 ‚
209 478 317 540 nenne
343 476 406 541 hou
445 477 585 541 monstri
625 475 783 542 similest?
826 478 904 562 quid
940 477 1010 542 ais?
1055 474 1120 541 PA.

530 564 689 630 Maxume.

103 650 171 718 GH.
195 649 359 718 Continuo
378 652 520 717 adcurrit
538 653 580 717 ad
596 675 656 739 me,
674 675 772 737 quam
789 653 886 739 longe
905 653 1044 740 quidem,
1068 670 1120 718 335

101 742 270 826 inarimos,
292 742 463 826 tremulus,
485 741 581 805 labiis
604 739 766 827 demissis,
788 761 933 826 gemens:

55 843 88 884 4⁵
103 828 198 893 ‘heus
219 828 314 915 heris,
335 829 399 893 tibi
421 829 506 914 dieo,
529 828 682 894 Chaerea'
704 830 820 914 inquit.
857 830 973 896 restiti.

103 917 186 981 ‘sein
209 915 288 1001 quid
310 937 369 1003 ego
393 921 426 981 te
449 917 635 983 uolebamt'
661 918 768 983 “diu''
792 919 874 983 ‘eren
899 920 950 983 est
971 916 1053 982 mihi

101 1003 278 1070 iudicium?
315 1006 417 1090 “quid
439 1005 560 1070 tum?''
584 1006 632 1070 ‘ut
655 1005 830 1092 diligenter
851 1007 981 1071 nunties

103 1093 199 1181 patri,
221 1094 396 1158 tduoeetus
418 1096 512 1158 maine
533 1094 580 1158 mi
602 1116 672 1159 esse
695 1099 732 1158 ut
755 1095 957 1160 meminerit?
1067 1111 1119 1159 340

104 1184 181 1246 dum
203 1183 281 1248 haee
303 1181 395 1268 dicit,
418 1182 499 1247 abiit
520 1182 608 1247 hdra.
650 1203 730 1268 rogo
752 1181 909 1268 numquid
932 1183 1020 1247 uelit.

57 1286 90 1326 ⁵0
105 1271 213 1336 ‘recte'
236 1269 353 1355 inquit.
390 1271 478 1336 abeo.
516 1291 614 1355 quom
643 1271 707 1336 hue
729 1272 865 1355 respicio
889 1271 928 1336 ad
951 1270 1121 1356 uirginem,

103 1360 161 1424 illa
184 1360 253 1424 sese
275 1359 399 1424 interea
421 1359 623 1424 etmmodum
644 1359 708 1424 hue
730 1360 915 1424 aduerterat

103 1448 139 1512 in
160 1447 244 1512 hane
269 1450 415 1512 rr6stram
437 1448 586 1531 plateam.
626 1446 691 1511 PA.
725 1446 844 1512 Mirum
870 1449 906 1513 ni
928 1448 1011 1512 hane
1033 1445 1121 1532 diest,

531 1535 626 1600 modo

103 1624 181 1689 huia
216 1626 298 1708 quae
334 1624 442 1688 datast
478 1623 571 1688 dona.
627 1620 695 1688 CH.
736 1622 800 1687 hue
836 1645 934 1708 quom
974 1623 1120 1710 aduenio,

531 1712 622 1775 milla
644 1715 722 1775 erat.
1067 1728 1119 1776 345

103 1799 169 1865 PA.
207 1797 349 1865 Comites
373 1800 475 1864 seeuti
498 1798 620 1864 seilicet
642 1804 719 1863 sunt
742 1798 924 1884 uirginem?

60 1912 90 1954 uu
106 1887 172 1954 OH.
209 1887 343 1953 Verum:
362 1888 524 1972 parasitus
543 1910 616 1953 cum
629 1889 753 1952 ancilla.
794 1887 859 1953 PA.
882 1887 1003 1972 Ipsest:
1022 1885 1118 1953 ssieet.

105 1975 228 2063 desine,
250 1977 316 2040 iam
338 1976 611 2042 conclamatumst.
653 1975 720 2041 GH.
753 1975 845 2041 Alias
867 1979 918 2041 res
943 1977 1020 2061 agis.

104 2064 169 2131 Pa
206 2064 296 2131 Istue
309 2086 370 2150 ugo
385 2065 539 2148 equidem.
563 2063 631 2131 CH.
649 2063 772 2129 N6stin
786 2087 867 2149 quae
882 2066 946 2129 sit?
965 2063 1016 2130 die
1029 2065 1120 2149 mihi,

105 2152 262 2218 uidistin?
298 2152 363 2218 PA.
396 2151 483 2238 Vidi,
504 2154 596 2218 n6ui:
620 2154 686 2217 seio
710 2174 775 2237 quo
799 2154 936 2218 abducta
959 2155 1011 2218 sit.
1066 2171 1118 2219 350

106 2241 172 2307 CH.
209 2241 297 2328 Eho,
318 2239 476 2306 Parmeno
499 2242 558 2326 mi,
579 2241 692 2306 mistim
714 2245 748 2305 et
771 2242 833 2306 seis
856 2242 915 2305 ubi
938 2242 1020 2306 siet?

62 2357 91 2396 ao
104 2329 170 2395 PA.
206 2330 280 2395 Huc
308 2330 474 2395 deductast
498 2329 537 2393 ad
559 2330 759 2393 meretricem
780 2329 949 2394 Thaidem:
977 2331 1007 2394 ei
1033 2330 1118 2395 domi

532 2417 647 2481 datast.

105 2505 173 2573 GH.
215 2504 294 2583 Quis
317 2506 346 2571 is
369 2508 420 2570 est
442 2509 510 2569 tam
532 2507 648 2588 potens
671 2525 744 2568 eum
766 2509 859 2570 tanto
882 2508 1013 2570 munere
1034 2505 1119 2570 hoc?

531 2591 596 2658 PA.
632 2593 727 2657 Miles
751 2592 889 2679 Thras0,

104 2684 279 2749 Phaedriae
302 2683 423 2747 riualis.
466 2678 533 2746 GH.
556 2679 663 2746 Duras
685 2681 797 2746 fratris
819 2681 923 2766 partis
945 2682 1118 2765 praeditae.

104 2771 169 2838 PA.
206 2757 308 2836 Immo
328 2772 414 2835 enim
432 2770 460 2834 si
480 2770 561 2834 seiae
580 2771 667 2854 quod
683 2770 803 2835 donum
815 2770 891 2835 huie
905 2770 989 2836 dtno
1008 2775 1120 2835 eontra

531 2861 707 2944 erimperet,
1068 2876 1119 2923 355

104 2950 208 3035 magis
235 2949 269 3013 id
296 2948 390 3012 dicae.
437 2944 504 3012 GH.
546 2945 713 3022 Quidnam
740 2966 858 3030 quaeso
890 2945 1018 3011 hercle?
1054 2945 1119 3012 PA.

530 3033 732 3100 Eunuchum.
757 3031 824 3099 GH.
838 3033 976 3100 Illumne
986 3035 1119 3100 ‹ibeeero

62 3147 91 3188 eu
104 3125 313 3192 inhonestum
334 3123 513 3208 hominem,
536 3124 631 3207 quem
653 3127 813 3187 mercatus
837 3125 886 3188 e'st
909 3122 989 3210 heri,
1012 3145 1120 3188 senem

531 3211 718 3275 mulierem?

103 3303 168 3369 PA.
205 3286 311 3366 istum
324 3301 438 3384 ipsum
480 3296 551 3452 CH(i
566 3296 731 3451 Nimfirum
747 3298 844 3364 homo
865 3299 1029 3383 quatietur
1047 3321 1120 3364 eum

552 3410 614 3452 ono
652 3409 733 3452 oras,

175 3585 227 3634 849
245 3577 316 3632 mihi
336 3565 386 3635 aut
399 3583 408 3648 ΙΙ
422 3584 474 3633 356
493 3582 554 3633 tum
572 3578 664 3648 magis
678 3580 688 3646 i
702 3583 753 3631 358
773 3577 917 3647 quatietur
935 3581 1011 3632 certe
1030 3595 1093 3632 eum
1112 3580 1120 3650 {1
