2734 4140
175 212 203 268 (l.
224 211 382 268 SVETONI
400 210 623 278 TRANQVILLI
641 213 729 267 VITA
746 213 777 268 P.
793 212 952 267 TERENTI
970 213 1063 268 AFRI.
1099 211 1137 265 IX

129 381 284 441 Volcatius
307 381 409 439 autem
432 399 492 439 non
515 380 612 440 solum
630 380 747 440 Naeuio
772 383 802 439 et
819 380 930 440 Plauto
950 382 981 440 et
999 380 1136 455 Caecilio,

128 469 180 529 sed
197 469 313 528 Licinio
337 487 456 545 quoque
480 470 511 527 et
528 468 623 528 Atilio
645 468 808 545 postponit.
842 468 944 529 Cicero
963 470 995 528 in
1013 469 1136 528 Limone

127 559 272 616 hactenus
294 557 411 616 laudat:

172 681 221 739 Tu
243 698 376 758 quoque,
400 679 453 756 qui
476 680 558 739 solus
581 679 657 738 lecto
682 698 828 756 sermone,
853 681 986 758 Terenti,

173 786 349 828 conuersum
373 785 603 844 expressumque
627 766 723 826 latina
745 786 820 827 uoce
843 768 1040 828 Menandrum

174 856 206 915 in
228 856 361 915 medium
384 856 469 914 nobis
494 855 604 916 sedatis
628 855 760 914 motibus
784 856 881 928 effers,

173 944 314 1022 quiddam
339 963 420 1003 come
443 945 569 1020 loquens
592 944 684 1018 atque
707 943 808 1003 omnia
831 944 930 1002 dulcia
953 945 1087 1004 miscens,

19 1139 20 1148 χ
129 1070 202 1127 item
226 1067 256 1126 Ο.
274 1066 395 1126 Caesar:

173 1191 221 1249 Tu
244 1209 377 1267 quoque,
405 1188 495 1249 tuin
518 1190 653 1264 summis,
680 1208 698 1249 o
722 1190 877 1251 dimidiato
900 1191 1073 1266 Menander,

173 1278 305 1356 poneris,
329 1279 360 1337 et
381 1276 501 1344 merito,
525 1278 594 1352 puri
617 1278 760 1337 sermonis
783 1281 907 1339 amator.

173 1367 290 1427 lenibus
313 1368 404 1443 atque
427 1365 544 1424 utinam
567 1365 685 1442 scriptis
709 1367 851 1426 adiuncta
874 1369 951 1427 foret
973 1367 1033 1445 uis,

174 1455 287 1515 comica
308 1456 345 1513 ut
368 1456 497 1530 aequato
519 1453 619 1513 uirtus
641 1455 770 1530 polleret
790 1456 901 1515 honore

173 1563 242 1603 oum
265 1542 398 1618 Graecis,
421 1561 497 1602 nene
519 1542 575 1601 hac
598 1541 755 1618 despectus
777 1546 862 1620 parte
885 1545 1005 1604 iaceres.

173 1652 268 1691 unum
289 1631 346 1691 hoo
368 1649 502 1690 maceror
524 1631 644 1690 aureolo
668 1630 725 1688 tibi
748 1631 844 1710 desse,
867 1633 996 1692 Terenti.

252 1923 571 2030 AVOTARIVM
603 1924 760 1990 AELH
794 1925 1017 1992 DONATI.

582 2085 689 2093 —--—

19 2245 20 2258 ,
217 2196 300 2255 Haec
333 2193 494 2254 Suetonius
526 2194 728 2271 Tranquillus.
775 2215 845 2254 nam
877 2195 952 2254 duos
985 2196 1139 2256 Terentios

19 2347 20 2352 χ
130 2286 233 2360 poetas
261 2283 353 2341 fuisse
382 2282 484 2342 scribit
511 2283 655 2360 Macrine,
684 2303 812 2360 quorum
841 2285 917 2344 alter
943 2275 1139 2362 Fregellanus

19 2361 20 2368 ἵ
130 2373 223 2432 fuerit
259 2370 416 2430 Terentius
448 2370 537 2448 Libo,
574 2371 652 2430 alter
687 2372 845 2430 libertinus
877 2372 1035 2431 Terentius
1066 2372 1140 2432 Afer

129 2460 237 2536 patric,
260 2459 296 2519 de
320 2477 379 2534 quo
403 2477 482 2517 nunc
505 2458 667 2534 loquimur.
700 2459 848 2535 Scipionis
871 2460 990 2518 fabulas
1013 2461 1139 2520 edidisse

19 2553 20 2558 ’
130 2549 304 2608 Terentium
327 2547 483 2624 Vagellius
506 2546 538 2604 in
561 2547 678 2606 actione
701 2547 758 2606 ait:

218 2671 313 2744 Tuae,
337 2669 470 2746 Terenti,
494 2688 571 2745 quae
594 2671 743 2729 uocantur
765 2671 886 2730 fabulae

218 2759 303 2818 cuiae
327 2757 417 2817 sunt?
449 2759 597 2834 neuhale,
621 2759 688 2816 iura
712 2759 764 2835 qui
786 2759 907 2835 populis
930 2758 1034 2837 dabat,

219 2847 407 2906 summo‘ille
430 2847 542 2905 honore
565 2846 700 2919 affectus,
724 2847 797 2906 fecit
818 2847 957 2907 fabulas?

129 2971 207 3030 duae
248 2969 285 3029 ab
321 2969 503 3044 Apollodoro
539 2969 704 3028 translatae
742 2988 804 3030 esse
841 2971 983 3029 dicuntur
1019 2973 1138 3048 comico,

131 3058 269 3118 Phormio
302 3060 333 3117 et
359 3058 488 3134 Hecyra:
521 3059 654 3133 quatuor
679 3058 812 3134 reliquae
842 3079 860 3118 a
887 3059 1058 3119 Menandro.
1104 3080 1139 3119 ex

131 3146 240 3224 quibus
262 3165 372 3224 magno
396 3164 534 3205 successu
558 3148 588 3204 et
610 3146 707 3221 pretio
732 3147 818 3206 stetit
835 3148 1000 3206 Eunuchus
1023 3147 1138 3208 fabula:

131 3236 248 3312 Hecyra
271 3253 358 3310 saepe
381 3235 513 3311 exclusa,
536 3234 589 3292 uix
611 3236 680 3293 acta
703 3236 755 3294 est
