2734 4140
154 173 182 232 C.
213 173 370 230 SVETONI
389 174 611 242 TRANQVILLI
630 175 718 230 VITA
735 175 768 237 Ρ,
781 175 940 230 TERENTI
959 177 1044 230 nrm
1082 175 1132 230 VH

120 343 239 419 scripsit
267 343 436 403 comoedias
462 361 520 403 sex.
553 362 589 402 ex
612 342 721 419 quihus
744 343 872 419 primam
895 343 1040 402 Andriam
1063 361 1131 403 oum

120 431 268 491 aedilibus
290 430 384 509 daret,
407 431 508 490 iussus
531 433 603 490 ante
623 429 751 491 Caecilio
773 432 899 491 recitare
919 431 957 491 ad
975 433 1131 492 cenantem

120 539 188 579 cum
210 519 357 597 uemsec,
381 518 492 578 dicitur
514 519 636 578 initium
659 518 780 595 quidem
803 519 938 593 fabulae,
962 520 1132 597 quoderat

120 607 335 684 contemptiore
366 607 497 684 uestitu,
530 606 671 667 subsellio
705 607 790 667 iuxta
822 609 968 668 lectulum
999 607 1131 668 residens

119 695 236 774 legisse,
261 697 331 772 post
353 714 466 773 paucos
488 715 560 756 uero
584 713 690 754 uersus
713 695 863 756 inuitatus
885 699 922 756 nt
944 696 1132 757 accumberet

120 801 240 844 cenasse
267 802 342 861 una,
374 783 441 843 dein
471 785 570 844 cetera
597 783 816 861 percucurrisse
844 803 904 845 non
931 784 994 846 sine
1022 803 1132 863 magna

121 872 243 932 Caecilii
267 871 474 932 admiratione.
512 875 543 933 et
565 872 642 931 hanc
665 875 767 932 autem
791 875 821 932 et
844 872 977 950 quinque
1000 873 1132 950 reliquas

122 961 290 1037 aequaliter
315 960 428 1037 populo
456 960 612 1037 probauit:
641 962 781 1037 quamuis
804 961 963 1021 Volcatius
991 961 1023 1021 in
1045 961 1131 1020 dinu-

121 1049 285 1110 meratione
309 1048 444 1108 omnium
466 1048 511 1108 ita
535 1048 658 1108 scribat:

285 1171 413 1231 Simitnr
434 1171 555 1233 Hecura
578 1174 662 1231 sexta
685 1172 836 1232 exclusust
858 1172 970 1234 fabula

120 1313 287 1373 Eunuchus
301 1311 422 1389 quidem
436 1311 481 1372 his
493 1307 676 1391 dei<nceps>
686 1314 755 1372 acta
765 1315 810 1372 est
819 1313 990 1390 meruitque
1000 1313 1132 1390 pretium

121 1404 269 1478 quantum
288 1401 373 1460 nulla
387 1402 477 1461 antea
491 1400 846 1479 cuius'quamcomoedia,
865 1404 932 1462 octo
947 1402 1032 1460 milia
1045 1421 1131 1460 num·

120 1509 211 1550 mum.
234 1490 394 1566 propiores
412 1507 529 1548 summa
547 1509 667 1566 quoque
681 1490 772 1550 titulo
787 1489 955 1550 ascribitur.
997 1509 1013 1546 e
1056 1507 1073 1546 s
1115 1511 1131 1546 s

123 1594 1131 1634 *****************

120 1683 191 1724 nam
214 1665 420 1742 Adelphorum
446 1665 628 1742 principium
650 1664 746 1726 Varro
775 1665 868 1727 etiam
893 1667 1026 1742 praefert
1050 1667 1129 1744 prin·

121 1753 200 1831 cipio
227 1752 391 1815 Menandri.
437 1772 496 1814 non
524 1753 650 1814 obscura
676 1754 759 1813 fama
786 1756 832 1814 est
859 1753 998 1814 adiutum
1024 1755 1131 1815 Teren·

121 1842 201 1901 tium
224 1841 397 1918 inscriptis
420 1841 559 1902 aLaelio
582 1844 613 1903 et
632 1842 784 1919 Scipione:
808 1861 934 1919 eamque
953 1843 1131 1922 ipseauxit,

76 1983 78 1988 .
121 1949 288 2007 numquam
314 1929 373 1989 nisi
400 1930 508 1991 leuiter
536 1948 567 1990 se
595 1931 691 1990 tutari
719 1933 857 2008 conatus,
884 1933 921 1990 ut
946 1931 978 1990 in
1006 1933 1130 2010 prologo

122 2018 340 2094 Adelphorum:

165 2141 244 2201 Nam
268 2140 349 2217 quod
371 2140 424 2199 isti
446 2140 551 2201 dicunt
573 2141 730 2218 maleuoli,
752 2141 887 2201 homines
910 2141 1025 2202 nohiles

164 2230 244 2289 hunc
267 2228 404 2288 adiutare
426 2228 605 2306 assidueque
628 2247 690 2288 una
713 2228 852 2307 scribere,

166 2316 248 2394 quod
270 2317 316 2376 illi
339 2316 533 2377 maledictum
555 2318 715 2377 uehemens
738 2335 801 2378 esse
824 2317 1019 2377 existumant:

166 2425 233 2466 eam
254 2403 375 2464 laudem
396 2405 444 2465 hio
468 2406 551 2465 ducit
572 2424 758 2482 maxumam,
781 2423 873 2482 quom
894 2405 957 2466 illis
979 2405 1080 2483 placet

167 2493 219 2571 qui
241 2493 329 2552 uobis
350 2492 503 2553 uniuersis
525 2494 557 2553 et
578 2493 691 2571 populo
714 2494 847 2571 placent,

167 2601 295 2659 quorum
319 2599 410 2657 opera
431 2581 464 2641 in
486 2581 578 2659 hello,
601 2582 633 2642 in
657 2581 733 2659 otio,
756 2581 788 2642 in
810 2581 932 2659 negotio

166 2689 220 2730 suo
244 2670 372 2747 quisque
396 2672 529 2746 tempore
552 2672 642 2730 usust
664 2670 728 2730 sine
752 2669 900 2747 superbia.

120 2810 243 2872 uidetur
269 2813 372 2871 autem
398 2811 498 2871 leuius
526 2829 556 2871 se
584 2810 764 2890 defendisse,
793 2811 866 2887 quia
892 2811 1006 2872 sciehat
1027 2810 1132 2871 Laelio

121 2902 152 2959 et
171 2898 304 2976 Scipioni
327 2917 386 2959 non
409 2899 561 2978 ingratam
579 2917 642 2959 esse
660 2900 738 2958 hanc
758 2899 937 2976 opinionem.
968 2901 1132 2977 quactum

120 2988 218 3065 magis
245 2990 277 3049 et
303 3005 399 3064 usque
427 2987 466 3047 ad
488 2987 655 3064 posteriora
677 2989 814 3063 tempora
836 2987 946 3048 ualuit.
989 2986 1020 3050 O.
1039 2987 1132 3048 Mem·

119 3076 199 3136 mius
222 3076 254 3136 in
277 3075 413 3136 oratione
435 3096 491 3152 pro
515 3093 546 3136 se
565 3070 607 3135 Ῥ.
624 3069 796 3135 Africanns’
818 3075 921 3154 inquit
941 3070 972 3135 ‘a
991 3076 1131 3136 Terentio

119 3181 278 3241 personam
296 3167 463 3240 mutuatus,
487 3182 563 3242 quae
582 3163 664 3224 domi
682 3164 798 3224 luserat
814 3164 887 3243 ipse,
911 3163 1030 3224 nomine
1049 3164 1132 3224 illius

119 3255 152 3311 in
180 3270 318 3312 scaenam
345 3247 475 3313 detulit’.
521 3252 622 3331 Nepos
649 3254 772 3314 auctore
795 3255 875 3313 certo
899 3252 1082 3329 comperisse
1101 3271 1131 3312 se

120 3341 166 3400 ait
193 3339 224 3401 O.
242 3340 380 3401 Laelium
412 3339 565 3418 quondam
595 3340 627 3402 in
654 3341 821 3400 Puteolano
851 3340 987 3402 kalendis
1014 3340 1131 3400 martiis

120 3428 308 3489 admonitum
335 3429 372 3488 ab
400 3445 506 3508 uxore,
534 3429 699 3506 temperius
721 3430 758 3488 ut
781 3428 992 3507 discumberet,
1020 3429 1130 3506 petisse

120 3517 158 3579 ab
191 3535 226 3579 ea
259 3537 295 3578 ne
328 3535 359 3578 se
391 3517 611 3597 interpellaret,
649 3536 773 3595 seroque
810 3519 932 3578 tandem
964 3517 1129 3596 ingressum
